Region,Country,Item Type,Sales Channel,Order Priority,Order Date,Order ID,Ship Date,Units Sold,Unit Price,Unit Cost,Total Revenue,Total Cost,Total Profit
Sub-Saharan Africa,South Africa,Fruits,Offline,M,7/27/2012,443368995,7/28/2012,1593,9.33,6.92,14862.69,11023.56,3839.13
Middle East and North Africa,Morocco,Clothes,Online,M,9/14/2013,667593514,10/19/2013,4611,109.28,35.84,503890.08,165258.24,338631.84
Australia and Oceania,Papua New Guinea,Meat,Offline,M,5/15/2015,940995585,6/4/2015,360,421.89,364.69,151880.4,131288.4,20592
Sub-Saharan Africa,Djibouti,Clothes,Offline,H,5/17/2017,880811536,7/2/2017,562,109.28,35.84,61415.36,20142.08,41273.28
Europe,Slovakia,Beverages,Offline,L,10/26/2016,174590194,12/4/2016,3973,47.45,31.79,188518.85,126301.67,62217.18
Asia,Sri Lanka,Fruits,Online,L,11/7/2011,830192887,12/18/2011,1379,9.33,6.92,12866.07,9542.68,3323.39
Sub-Saharan Africa,Seychelles ,Beverages,Online,M,1/18/2013,425793445,2/16/2013,597,47.45,31.79,28327.65,18978.63,9349.02
Sub-Saharan Africa,Tanzania,Beverages,Online,L,11/30/2016,659878194,1/16/2017,1476,47.45,31.79,70036.2,46922.04,23114.16
Sub-Saharan Africa,Ghana,Office Supplies,Online,L,3/23/2017,601245963,4/15/2017,896,651.21,524.96,583484.16,470364.16,113120
Sub-Saharan Africa,Tanzania,Cosmetics,Offline,L,5/23/2016,739008080,5/24/2016,7768,437.2,263.33,3396169.6,2045547.44,1350622.16
Asia,Taiwan,Fruits,Offline,M,2/9/2014,732588374,2/23/2014,8034,9.33,6.92,74957.22,55595.28,19361.94
Middle East and North Africa,Algeria,Cosmetics,Online,M,2/18/2011,761723172,2/24/2011,9669,437.2,263.33,4227286.8,2546137.77,1681149.03
Asia,Singapore,Snacks,Online,C,1/28/2013,176461303,2/7/2013,7676,152.58,97.44,1171204.08,747949.44,423254.64
Australia and Oceania,Papua New Guinea,Clothes,Offline,L,6/20/2011,647164094,7/14/2011,9092,109.28,35.84,993573.76,325857.28,667716.48
Asia,Vietnam,Personal Care,Online,M,4/4/2010,314505374,5/6/2010,7984,81.73,56.67,652532.32,452453.28,200079.04
Sub-Saharan Africa,Uganda,Personal Care,Online,M,6/19/2014,539471471,7/21/2014,451,81.73,56.67,36860.23,25558.17,11302.06
Sub-Saharan Africa,Zimbabwe,Office Supplies,Offline,C,3/28/2011,953361213,4/8/2011,9623,651.21,524.96,6266593.83,5051690.08,1214903.75
Sub-Saharan Africa,Ethiopia,Cosmetics,Online,M,7/7/2011,807785928,7/25/2011,662,437.2,263.33,289426.4,174324.46,115101.94
Europe,France,Cosmetics,Online,M,12/7/2015,324669444,1/18/2016,5758,437.2,263.33,2517397.6,1516254.14,1001143.46
Central America and the Caribbean,The Bahamas,Personal Care,Online,C,1/19/2011,246248090,2/21/2011,9137,81.73,56.67,746767.01,517793.79,228973.22
Central America and the Caribbean,Haiti,Office Supplies,Online,C,12/31/2010,485070693,1/31/2011,2052,651.21,524.96,1336282.92,1077217.92,259065
Central America and the Caribbean,Nicaragua,Household,Online,C,10/28/2015,573998582,12/7/2015,7791,668.27,502.54,5206491.57,3915289.14,1291202.43
Asia,Turkmenistan,Vegetables,Online,M,4/13/2015,116205585,6/2/2015,6670,154.06,90.93,1027580.2,606503.1,421077.1
Europe,United Kingdom,Cosmetics,Online,L,5/1/2015,135178029,5/16/2015,1038,437.2,263.33,453813.6,273336.54,180477.06
Central America and the Caribbean,Dominican Republic,Baby Food,Offline,H,8/25/2011,824714744,9/24/2011,274,255.28,159.42,69946.72,43681.08,26265.64
Asia,China,Office Supplies,Online,M,2/10/2016,198927056,3/29/2016,5791,651.21,524.96,3771157.11,3040043.36,731113.75
Sub-Saharan Africa,Uganda,Cosmetics,Online,M,2/28/2015,842238795,3/15/2015,6031,437.2,263.33,2636753.2,1588143.23,1048609.97
Middle East and North Africa,Kuwait,Household,Offline,C,6/13/2011,459386289,7/21/2011,1466,668.27,502.54,979683.82,736723.64,242960.18
Middle East and North Africa,United Arab Emirates,Office Supplies,Online,M,6/23/2012,425418365,7/6/2012,9603,651.21,524.96,6253569.63,5041190.88,1212378.75
Europe,Estonia,Household,Offline,H,9/1/2011,835696351,10/21/2011,9976,668.27,502.54,6666661.52,5013339.04,1653322.48
Asia,Malaysia,Beverages,Online,M,11/13/2014,955894076,12/28/2014,9154,47.45,31.79,434357.3,291005.66,143351.64
Australia and Oceania,Vanuatu,Fruits,Online,C,11/3/2013,571997869,11/11/2013,5735,9.33,6.92,53507.55,39686.2,13821.35
Asia,India,Snacks,Online,L,10/10/2012,440306556,11/20/2012,5349,152.58,97.44,816150.42,521206.56,294943.86
Australia and Oceania,Samoa ,Household,Online,L,12/5/2016,937431466,12/8/2016,5657,668.27,502.54,3780403.39,2842868.78,937534.61
Asia,Kazakhstan,Snacks,Online,L,9/8/2013,710296428,10/25/2013,1352,152.58,97.44,206288.16,131738.88,74549.28
Europe,Czech Republic,Cosmetics,Online,H,3/22/2014,726137769,4/26/2014,9157,437.2,263.33,4003440.4,2411312.81,1592127.59
Europe,Belgium,Personal Care,Online,H,11/1/2011,222504317,11/20/2011,2827,81.73,56.67,231050.71,160206.09,70844.62
Europe,Finland,Household,Offline,H,1/15/2016,757257401,1/31/2016,8148,668.27,502.54,5445063.96,4094695.92,1350368.04
Middle East and North Africa,Oman,Cosmetics,Online,H,11/29/2010,358570849,12/28/2010,7937,437.2,263.33,3470056.4,2090050.21,1380006.19
Central America and the Caribbean,Dominica,Household,Offline,C,11/19/2011,274930989,12/13/2011,7044,668.27,502.54,4707293.88,3539891.76,1167402.12
Europe,Serbia,Clothes,Offline,L,7/6/2016,925136649,7/13/2016,7348,109.28,35.84,802989.44,263352.32,539637.12
Sub-Saharan Africa,Sao Tome and Principe,Clothes,Offline,L,11/11/2015,548299157,12/28/2015,2760,109.28,35.84,301612.8,98918.4,202694.4
Asia,Brunei,Cereal,Offline,L,5/28/2013,153842341,7/16/2013,4222,205.7,117.11,868465.4,494438.42,374026.98
Middle East and North Africa,Israel,Beverages,Offline,H,9/8/2013,371502530,10/13/2013,4709,47.45,31.79,223442.05,149699.11,73742.94
Australia and Oceania,Solomon Islands,Household,Online,M,12/17/2010,101328551,12/28/2010,4225,668.27,502.54,2823440.75,2123231.5,700209.25
Sub-Saharan Africa,Togo,Cosmetics,Online,M,9/8/2015,563681733,9/9/2015,4806,437.2,263.33,2101183.2,1265563.98,835619.22
Sub-Saharan Africa,Mauritius ,Clothes,Offline,M,11/17/2012,349235904,12/2/2012,5520,109.28,35.84,603225.6,197836.8,405388.8
North America,Canada,Cosmetics,Online,H,5/9/2011,368977391,6/2/2011,7464,437.2,263.33,3263260.8,1965495.12,1297765.68
Middle East and North Africa,Lebanon,Meat,Online,L,3/8/2017,704205024,4/18/2017,8770,421.89,364.69,3699975.3,3198331.3,501644
Sub-Saharan Africa,Tanzania,Fruits,Offline,H,10/20/2014,156530129,11/29/2014,9599,9.33,6.92,89558.67,66425.08,23133.59
Asia,South Korea,Meat,Offline,L,3/16/2016,297876536,4/20/2016,7141,421.89,364.69,3012716.49,2604251.29,408465.2
Asia,Indonesia,Household,Online,C,9/28/2011,520480573,9/28/2011,623,668.27,502.54,416332.21,313082.42,103249.79
Central America and the Caribbean,Antigua and Barbuda ,Office Supplies,Offline,C,10/2/2011,286891067,10/4/2011,6297,651.21,524.96,4100669.37,3305673.12,794996.25
Middle East and North Africa,Tunisia ,Cosmetics,Offline,H,7/1/2012,479969346,7/20/2012,2450,437.2,263.33,1071140,645158.5,425981.5
Asia,Thailand,Meat,Online,C,2/4/2015,252889239,2/19/2015,4401,421.89,364.69,1856737.89,1605000.69,251737.2
Asia,Nepal,Meat,Online,H,2/21/2014,179137074,3/14/2014,9496,421.89,364.69,4006267.44,3463096.24,543171.2
Europe,Montenegro,Clothes,Offline,M,9/4/2016,902511680,9/8/2016,2117,109.28,35.84,231345.76,75873.28,155472.48
Europe,Greece,Cereal,Online,H,8/22/2015,887124383,10/8/2015,8674,205.7,117.11,1784241.8,1015812.14,768429.66
Europe,Monaco,Beverages,Offline,M,5/29/2016,467399013,6/14/2016,2609,47.45,31.79,123797.05,82940.11,40856.94
Asia,Taiwan,Cereal,Online,H,4/11/2010,498071897,5/26/2010,9397,205.7,117.11,1932962.9,1100482.67,832480.23
Europe,Albania,Personal Care,Offline,M,2/6/2016,104191863,2/11/2016,1543,81.73,56.67,126109.39,87441.81,38667.58
Central America and the Caribbean,Saint Lucia,Fruits,Offline,L,12/12/2015,731120240,1/12/2016,3581,9.33,6.92,33410.73,24780.52,8630.21
Europe,Italy,Cereal,Online,M,11/15/2011,294530856,12/28/2011,7080,205.7,117.11,1456356,829138.8,627217.2
Europe,Switzerland,Office Supplies,Offline,C,7/29/2014,830410039,8/27/2014,5639,651.21,524.96,3672173.19,2960249.44,711923.75
Europe,Netherlands,Fruits,Online,L,11/19/2016,845056617,11/30/2016,9887,9.33,6.92,92245.71,68418.04,23827.67
Europe,Sweden,Beverages,Online,H,9/13/2012,265081918,10/12/2012,2485,47.45,31.79,117913.25,78998.15,38915.1
Europe,Italy,Cereal,Online,C,11/30/2015,887409770,12/5/2015,3126,205.7,117.11,643018.2,366085.86,276932.34
Sub-Saharan Africa,Burundi,Beverages,Online,H,3/9/2011,529276502,4/9/2011,3533,47.45,31.79,167640.85,112314.07,55326.78
Europe,Iceland,Baby Food,Offline,M,10/2/2010,678230941,11/3/2010,2462,255.28,159.42,628499.36,392492.04,236007.32
Europe,Finland,Vegetables,Offline,C,10/9/2012,642134416,11/27/2012,698,154.06,90.93,107533.88,63469.14,44064.74
Sub-Saharan Africa,Rwanda,Fruits,Online,L,9/5/2012,699160754,9/15/2012,6059,9.33,6.92,56530.47,41928.28,14602.19
Asia,Japan,Household,Offline,M,7/16/2014,747796285,7/24/2014,8393,668.27,502.54,5608790.11,4217818.22,1390971.89
Europe,Romania,Beverages,Online,M,2/19/2012,756839835,3/13/2012,4581,47.45,31.79,217368.45,145629.99,71738.46
Central America and the Caribbean,Belize,Personal Care,Online,H,6/14/2015,315402734,8/2/2015,3533,81.73,56.67,288752.09,200215.11,88536.98
Middle East and North Africa,Egypt,Clothes,Online,C,8/9/2016,882908809,8/24/2016,1192,109.28,35.84,130261.76,42721.28,87540.48
Australia and Oceania,Tonga,Baby Food,Online,L,5/11/2016,839094388,5/31/2016,5531,255.28,159.42,1411953.68,881752.02,530201.66
Asia,Thailand,Fruits,Offline,C,9/30/2012,434008300,11/14/2012,1555,9.33,6.92,14508.15,10760.6,3747.55
Central America and the Caribbean,Dominica,Beverages,Online,L,6/12/2012,438011872,7/18/2012,6301,47.45,31.79,298982.45,200308.79,98673.66
Sub-Saharan Africa,Ghana,Clothes,Online,M,11/2/2011,791778934,12/1/2011,3836,109.28,35.84,419198.08,137482.24,281715.84
Australia and Oceania,East Timor,Cereal,Offline,M,12/7/2015,156295812,12/30/2015,259,205.7,117.11,53276.3,30331.49,22944.81
Sub-Saharan Africa,The Gambia,Fruits,Online,C,11/20/2011,862861335,11/22/2011,8699,9.33,6.92,81161.67,60197.08,20964.59
Sub-Saharan Africa,Mali,Household,Offline,M,8/19/2010,363086831,9/7/2010,4317,668.27,502.54,2884921.59,2169465.18,715456.41
Asia,Indonesia,Personal Care,Offline,L,10/22/2012,678896129,10/31/2012,9306,81.73,56.67,760579.38,527371.02,233208.36
Europe,Albania,Baby Food,Offline,H,7/19/2012,752525556,8/13/2012,7890,255.28,159.42,2014159.2,1257823.8,756335.4
Sub-Saharan Africa,Ghana,Fruits,Offline,M,5/29/2016,496523940,6/4/2016,1323,9.33,6.92,12343.59,9155.16,3188.43
Central America and the Caribbean,Nicaragua,Baby Food,Online,L,11/11/2016,343752610,11/16/2016,2891,255.28,159.42,738014.48,460883.22,277131.26
Europe,Italy,Office Supplies,Online,H,3/29/2011,797385394,4/11/2011,2913,651.21,524.96,1896974.73,1529208.48,367766.25
Europe,Moldova ,Fruits,Online,C,1/27/2013,180908620,3/3/2013,3736,9.33,6.92,34856.88,25853.12,9003.76
Central America and the Caribbean,The Bahamas,Fruits,Offline,L,6/18/2010,488121116,6/30/2010,4740,9.33,6.92,44224.2,32800.8,11423.4
Europe,Romania,Cereal,Online,M,4/16/2015,633134210,4/18/2015,7337,205.7,117.11,1509220.9,859236.07,649984.83
Middle East and North Africa,Pakistan,Meat,Online,M,12/28/2013,500371730,2/15/2014,9969,421.89,364.69,4205821.41,3635594.61,570226.8
Sub-Saharan Africa,Madagascar,Clothes,Online,L,10/17/2016,494570004,10/26/2016,3110,109.28,35.84,339860.8,111462.4,228398.4
North America,United States of America,Personal Care,Online,H,1/21/2016,190777862,2/19/2016,4264,81.73,56.67,348496.72,241640.88,106855.84
Sub-Saharan Africa,Democratic Republic of the Congo,Cosmetics,Online,M,10/7/2012,584356629,10/25/2012,2967,437.2,263.33,1297172.4,781300.11,515872.29
Australia and Oceania,New Zealand,Beverages,Online,M,10/11/2012,940980136,11/4/2012,5788,47.45,31.79,274640.6,184000.52,90640.08
Sub-Saharan Africa,Liberia,Baby Food,Offline,H,6/6/2015,146634709,6/12/2015,1324,255.28,159.42,337990.72,211072.08,126918.64
Asia,Turkmenistan,Meat,Online,M,4/30/2017,757619178,5/14/2017,5206,421.89,364.69,2196359.34,1898576.14,297783.2
Sub-Saharan Africa,Malawi,Meat,Offline,H,3/1/2016,450544869,3/12/2016,5094,421.89,364.69,2149107.66,1857730.86,291376.8
Australia and Oceania,Vanuatu,Cereal,Offline,C,6/20/2014,572335612,8/5/2014,5681,205.7,117.11,1168581.7,665301.91,503279.79
Sub-Saharan Africa,Mali,Baby Food,Online,L,11/3/2015,290227735,12/7/2015,3691,255.28,159.42,942238.48,588419.22,353819.26
Sub-Saharan Africa,Democratic Republic of the Congo,Cosmetics,Offline,M,7/30/2013,641770064,8/25/2013,2878,437.2,263.33,1258261.6,757863.74,500397.86
Asia,Sri Lanka,Fruits,Online,H,3/13/2017,484823930,4/20/2017,9030,9.33,6.92,84249.9,62487.6,21762.3
Sub-Saharan Africa,Equatorial Guinea,Cereal,Online,C,10/11/2010,547563159,11/4/2010,4962,205.7,117.11,1020683.4,581099.82,439583.58
Middle East and North Africa,United Arab Emirates,Baby Food,Offline,M,4/25/2017,278474080,6/14/2017,5523,255.28,159.42,1409911.44,880476.66,529434.78
Sub-Saharan Africa,Democratic Republic of the Congo,Snacks,Offline,C,8/30/2011,996355521,9/21/2011,2595,152.58,97.44,395945.1,252856.8,143088.3
Asia,South Korea,Household,Offline,C,2/27/2015,940318810,3/6/2015,87,668.27,502.54,58139.49,43720.98,14418.51
Central America and the Caribbean,El Salvador,Cosmetics,Offline,L,2/20/2016,219787776,3/5/2016,8942,437.2,263.33,3909442.4,2354696.86,1554745.54
Central America and the Caribbean,Antigua and Barbuda ,Vegetables,Online,H,7/30/2011,364498746,8/11/2011,2134,154.06,90.93,328764.04,194044.62,134719.42
North America,Greenland,Household,Online,H,11/14/2010,274500548,11/23/2010,9667,668.27,502.54,6460166.09,4858054.18,1602111.91
Asia,Kazakhstan,Baby Food,Online,H,11/25/2016,270154511,12/22/2016,3578,255.28,159.42,913391.84,570404.76,342987.08
Australia and Oceania,Papua New Guinea,Personal Care,Online,H,9/12/2014,742134463,10/8/2014,2934,81.73,56.67,239795.82,166269.78,73526.04
Asia,Myanmar,Cosmetics,Online,C,1/21/2013,801426732,2/19/2013,8834,437.2,263.33,3862224.8,2326257.22,1535967.58
Central America and the Caribbean,Costa Rica,Beverages,Offline,H,6/30/2010,529330146,8/16/2010,9408,47.45,31.79,446409.6,299080.32,147329.28
Europe,Serbia,Office Supplies,Offline,C,2/26/2014,527456033,3/2/2014,4816,651.21,524.96,3136227.36,2528207.36,608020
Europe,Albania,Meat,Offline,M,4/26/2013,567728221,5/12/2013,2252,421.89,364.69,950096.28,821281.88,128814.4
Europe,Armenia,Clothes,Offline,C,6/23/2013,942383038,6/29/2013,938,109.28,35.84,102504.64,33617.92,68886.72
Middle East and North Africa,Somalia,Snacks,Online,C,5/26/2017,213969314,7/7/2017,7130,152.58,97.44,1087895.4,694747.2,393148.2
Sub-Saharan Africa,Kenya,Cereal,Offline,M,10/10/2013,165348374,11/27/2013,9113,205.7,117.11,1874544.1,1067223.43,807320.67
Sub-Saharan Africa,Zambia,Cosmetics,Online,M,4/16/2011,849694049,5/29/2011,2206,437.2,263.33,964463.2,580905.98,383557.22
North America,Canada,Cosmetics,Online,C,2/14/2012,140492665,2/18/2012,3757,437.2,263.33,1642560.4,989330.81,653229.59
Australia and Oceania,Marshall Islands,Personal Care,Online,L,9/23/2015,481543052,9/24/2015,8145,81.73,56.67,665690.85,461577.15,204113.7
Europe,Estonia,Vegetables,Online,L,1/20/2015,336956536,2/4/2015,1782,154.06,90.93,274534.92,162037.26,112497.66
Europe,Armenia,Snacks,Offline,M,6/23/2015,941156947,7/6/2015,8110,152.58,97.44,1237423.8,790238.4,447185.4
Middle East and North Africa,Syria,Snacks,Online,M,11/9/2015,448880612,12/9/2015,2603,152.58,97.44,397165.74,253636.32,143529.42
Asia,Myanmar,Office Supplies,Offline,C,5/4/2012,685176360,6/8/2012,7766,651.21,524.96,5057296.86,4076839.36,980457.5
Central America and the Caribbean,The Bahamas,Office Supplies,Online,L,4/13/2017,395405519,4/26/2017,8135,651.21,524.96,5297593.35,4270549.6,1027043.75
Sub-Saharan Africa,Madagascar,Household,Offline,C,1/7/2010,195241916,2/12/2010,5276,668.27,502.54,3525792.52,2651401.04,874391.48
Sub-Saharan Africa,Niger,Clothes,Offline,C,5/25/2016,320671880,7/5/2016,2790,109.28,35.84,304891.2,99993.6,204897.6
Asia,Mongolia,Meat,Offline,H,2/7/2014,177994239,3/29/2014,1306,421.89,364.69,550988.34,476285.14,74703.2
Sub-Saharan Africa,Seychelles ,Vegetables,Online,H,3/4/2012,593820321,3/4/2012,3484,154.06,90.93,536745.04,316800.12,219944.92
Sub-Saharan Africa,Sierra Leone,Snacks,Offline,L,12/5/2016,665073955,12/24/2016,9017,152.58,97.44,1375813.86,878616.48,497197.38
Sub-Saharan Africa,Cape Verde,Vegetables,Online,L,1/14/2013,908991467,2/27/2013,9630,154.06,90.93,1483597.8,875655.9,607941.9
Europe,Denmark,Cosmetics,Online,M,9/24/2012,113121688,9/26/2012,4076,437.2,263.33,1782027.2,1073333.08,708694.12
Central America and the Caribbean,Saint Kitts and Nevis ,Meat,Online,L,3/3/2014,285325944,4/7/2014,3142,421.89,364.69,1325578.38,1145855.98,179722.4
Sub-Saharan Africa,Tanzania,Clothes,Offline,C,10/11/2012,803778064,10/30/2012,4646,109.28,35.84,507714.88,166512.64,341202.24
Middle East and North Africa,Syria,Household,Offline,L,8/20/2012,666964375,10/8/2012,8435,668.27,502.54,5636857.45,4238924.9,1397932.55
Middle East and North Africa,Saudi Arabia,Meat,Online,M,2/2/2015,743683707,2/4/2015,1390,421.89,364.69,586427.1,506919.1,79508
Europe,Bulgaria,Cereal,Offline,C,12/25/2014,623047387,1/18/2015,2422,205.7,117.11,498205.4,283640.42,214564.98
Europe,Armenia,Office Supplies,Online,M,1/2/2012,864479243,2/17/2012,7474,651.21,524.96,4867143.54,3923551.04,943592.5
Sub-Saharan Africa,Sudan,Baby Food,Online,H,6/27/2014,747715604,7/8/2014,4518,255.28,159.42,1153355.04,720259.56,433095.48
Middle East and North Africa,Morocco,Snacks,Offline,M,11/22/2012,522805297,11/28/2012,8560,152.58,97.44,1306084.8,834086.4,471998.4
Middle East and North Africa,Yemen,Vegetables,Online,C,11/26/2013,960109651,12/21/2013,6636,154.06,90.93,1022342.16,603411.48,418930.68
Europe,Netherlands,Cosmetics,Online,L,11/21/2013,200302493,11/25/2013,2814,437.2,263.33,1230280.8,741010.62,489270.18
Asia,Cambodia,Household,Offline,C,4/21/2010,504370152,6/2/2010,3191,668.27,502.54,2132449.57,1603605.14,528844.43
Central America and the Caribbean,Trinidad and Tobago,Vegetables,Online,M,1/3/2013,603611457,1/25/2013,899,154.06,90.93,138499.94,81746.07,56753.87
Australia and Oceania,East Timor,Office Supplies,Offline,C,3/23/2010,649637734,5/10/2010,1097,651.21,524.96,714377.37,575881.12,138496.25
Sub-Saharan Africa,Kenya,Cosmetics,Online,H,2/27/2010,864372813,3/3/2010,5979,437.2,263.33,2614018.8,1574450.07,1039568.73
Asia,South Korea,Clothes,Offline,C,7/10/2014,190053021,8/25/2014,9767,109.28,35.84,1067337.76,350049.28,717288.48
Australia and Oceania,Tonga,Fruits,Offline,M,9/21/2014,339227187,9/29/2014,3718,9.33,6.92,34688.94,25728.56,8960.38
Sub-Saharan Africa,Cape Verde,Meat,Offline,L,10/21/2010,844756639,12/8/2010,1117,421.89,364.69,471251.13,407358.73,63892.4
Sub-Saharan Africa,Central African Republic,Household,Online,M,3/31/2015,409815204,4/4/2015,2281,668.27,502.54,1524323.87,1146293.74,378030.13
Europe,Latvia,Meat,Online,M,4/16/2011,957889211,5/18/2011,9559,421.89,364.69,4032846.51,3486071.71,546774.8
Central America and the Caribbean,El Salvador,Household,Online,M,4/28/2017,882777488,5/21/2017,2331,668.27,502.54,1557737.37,1171420.74,386316.63
Australia and Oceania,Papua New Guinea,Beverages,Offline,M,12/9/2014,898591363,1/13/2015,2008,47.45,31.79,95279.6,63834.32,31445.28
Central America and the Caribbean,Grenada,Beverages,Offline,C,4/17/2013,889754664,4/27/2013,7032,47.45,31.79,333668.4,223547.28,110121.12
Europe,Portugal,Cereal,Online,M,1/14/2015,361003720,1/21/2015,7878,205.7,117.11,1620504.6,922592.58,697912.02
Sub-Saharan Africa,Togo,Baby Food,Online,M,7/13/2012,687387359,8/5/2012,2050,255.28,159.42,523324,326811,196513
Middle East and North Africa,Bahrain,Snacks,Offline,H,5/4/2014,164266908,5/19/2014,9083,152.58,97.44,1385884.14,885047.52,500836.62
Sub-Saharan Africa,Uganda,Cereal,Offline,M,3/2/2011,757316195,4/2/2011,5546,205.7,117.11,1140812.2,649492.06,491320.14
Central America and the Caribbean,Saint Kitts and Nevis ,Snacks,Online,C,6/27/2017,452521550,7/29/2017,38,152.58,97.44,5798.04,3702.72,2095.32
Europe,Belgium,Vegetables,Offline,L,10/13/2014,906181800,10/29/2014,8187,154.06,90.93,1261289.22,744443.91,516845.31
Sub-Saharan Africa,Cameroon,Meat,Offline,C,11/16/2015,694908273,1/2/2016,7655,421.89,364.69,3229567.95,2791701.95,437866
Asia,Bhutan,Office Supplies,Online,H,9/22/2015,265624797,10/16/2015,3135,651.21,524.96,2041543.35,1645749.6,395793.75
Europe,Georgia,Beverages,Online,L,5/10/2010,585567700,5/21/2010,1350,47.45,31.79,64057.5,42916.5,21141
Middle East and North Africa,Lebanon,Baby Food,Online,H,10/17/2015,892285811,10/27/2015,6055,255.28,159.42,1545720.4,965288.1,580432.3
Australia and Oceania,Kiribati,Cereal,Online,L,4/4/2011,943640458,5/12/2011,3036,205.7,117.11,624505.2,355545.96,268959.24
Europe,Croatia,Cosmetics,Online,C,2/11/2011,567805469,3/30/2011,5111,437.2,263.33,2234529.2,1345879.63,888649.57
Australia and Oceania,Vanuatu,Personal Care,Online,H,8/26/2015,113267171,8/30/2015,7128,81.73,56.67,582571.44,403943.76,178627.68
Asia,Cambodia,Cereal,Offline,L,11/7/2014,898824393,11/21/2014,967,205.7,117.11,198911.9,113245.37,85666.53
Europe,Czech Republic,Snacks,Online,M,12/4/2014,263588464,1/20/2015,539,152.58,97.44,82240.62,52520.16,29720.46
Middle East and North Africa,Somalia,Office Supplies,Offline,C,10/10/2011,116983211,10/18/2011,6786,651.21,524.96,4419111.06,3562378.56,856732.5
Australia and Oceania,Solomon Islands,Baby Food,Online,M,7/6/2017,188744962,7/24/2017,2683,255.28,159.42,684916.24,427723.86,257192.38
Middle East and North Africa,Algeria,Snacks,Online,M,4/2/2011,278922545,5/7/2011,8234,152.58,97.44,1256343.72,802320.96,454022.76
Middle East and North Africa,Turkey,Baby Food,Online,H,1/8/2011,707877290,2/8/2011,5475,255.28,159.42,1397658,872824.5,524833.5
Middle East and North Africa,Iraq,Personal Care,Offline,H,12/26/2016,966283023,1/10/2017,3474,81.73,56.67,283930.02,196871.58,87058.44
Sub-Saharan Africa,Comoros,Office Supplies,Offline,C,3/28/2015,165126073,4/8/2015,3329,651.21,524.96,2167878.09,1747591.84,420286.25
Asia,Bhutan,Personal Care,Offline,M,11/8/2011,185705268,12/8/2011,3170,81.73,56.67,259084.1,179643.9,79440.2
Asia,Uzbekistan,Household,Offline,H,12/25/2013,729631936,2/11/2014,3159,668.27,502.54,2111064.93,1587523.86,523541.07
Central America and the Caribbean,Antigua and Barbuda ,Household,Online,L,11/27/2010,668829905,12/23/2010,487,668.27,502.54,325447.49,244736.98,80710.51
Central America and the Caribbean,Dominican Republic,Baby Food,Offline,H,9/8/2015,295535504,10/19/2015,4378,255.28,159.42,1117615.84,697940.76,419675.08
Australia and Oceania,Tuvalu,Office Supplies,Offline,M,12/12/2015,872297561,12/20/2015,1087,651.21,524.96,707865.27,570631.52,137233.75
Europe,Iceland,Fruits,Offline,H,7/11/2015,581977403,7/16/2015,8901,9.33,6.92,83046.33,61594.92,21451.41
Sub-Saharan Africa,Gabon,Cereal,Offline,M,7/14/2015,377748858,8/31/2015,3136,205.7,117.11,645075.2,367256.96,277818.24
Asia,Indonesia,Baby Food,Offline,H,7/29/2010,833098256,8/13/2010,1142,255.28,159.42,291529.76,182057.64,109472.12
Europe,Switzerland,Personal Care,Online,H,4/2/2015,791824424,4/28/2015,7298,81.73,56.67,596465.54,413577.66,182887.88
Europe,Hungary,Snacks,Online,M,12/10/2014,518038690,12/21/2014,8015,152.58,97.44,1222928.7,780981.6,441947.1
Middle East and North Africa,Jordan,Beverages,Offline,M,1/6/2015,346164882,2/14/2015,6736,47.45,31.79,319623.2,214137.44,105485.76
Europe,Montenegro,Clothes,Online,C,5/4/2014,230939328,6/16/2014,8934,109.28,35.84,976307.52,320194.56,656112.96
Australia and Oceania,Papua New Guinea,Office Supplies,Offline,C,8/17/2016,197410857,9/29/2016,7114,651.21,524.96,4632707.94,3734565.44,898142.5
North America,Greenland,Household,Offline,C,7/8/2011,790940797,8/1/2011,5813,668.27,502.54,3884653.51,2921265.02,963388.49
Europe,Andorra,Office Supplies,Online,C,3/19/2016,827202975,3/26/2016,6598,651.21,524.96,4296683.58,3463686.08,832997.5
Middle East and North Africa,Oman,Fruits,Online,H,2/14/2011,542183721,3/16/2011,3066,9.33,6.92,28605.78,21216.72,7389.06
Sub-Saharan Africa,Kenya,Baby Food,Online,H,10/17/2011,242181861,11/1/2011,5849,255.28,159.42,1493132.72,932447.58,560685.14
Europe,Andorra,Beverages,Online,L,2/13/2012,753808724,2/13/2012,7608,47.45,31.79,360999.6,241858.32,119141.28
Europe,Luxembourg,Snacks,Offline,L,11/6/2010,273988139,11/16/2010,8034,152.58,97.44,1225827.72,782832.96,442994.76
Sub-Saharan Africa,Guinea-Bissau,Beverages,Online,H,5/14/2015,219956433,6/18/2015,8851,47.45,31.79,419979.95,281373.29,138606.66
Europe,Finland,Personal Care,Offline,L,3/9/2015,279262435,3/10/2015,8815,81.73,56.67,720449.95,499546.05,220903.9
Asia,Bangladesh,Beverages,Offline,L,1/14/2016,659767472,3/3/2016,8711,47.45,31.79,413336.95,276922.69,136414.26
Asia,Bangladesh,Office Supplies,Offline,L,5/9/2013,739645373,5/15/2013,6357,651.21,524.96,4139741.97,3337170.72,802571.25
Europe,Switzerland,Snacks,Online,H,3/17/2011,417382466,4/2/2011,1602,152.58,97.44,244433.16,156098.88,88334.28
Asia,Laos,Vegetables,Offline,L,12/12/2010,561777579,12/21/2010,1325,154.06,90.93,204129.5,120482.25,83647.25
Asia,Sri Lanka,Snacks,Online,C,12/26/2014,761942040,1/22/2015,4437,152.58,97.44,676997.46,432341.28,244656.18
Europe,Portugal,Fruits,Offline,M,6/13/2015,677299678,6/16/2015,6881,9.33,6.92,64199.73,47616.52,16583.21
Sub-Saharan Africa,Nigeria,Fruits,Offline,C,1/31/2013,487586820,3/4/2013,6630,9.33,6.92,61857.9,45879.6,15978.3
Europe,Germany,Household,Offline,H,7/6/2013,442852294,8/21/2013,8690,668.27,502.54,5807266.3,4367072.6,1440193.7
Asia,Brunei,Beverages,Online,L,10/31/2015,413457429,12/13/2015,96,47.45,31.79,4555.2,3051.84,1503.36
Middle East and North Africa,Israel,Clothes,Online,M,6/1/2016,340076053,6/8/2016,4916,109.28,35.84,537220.48,176189.44,361031.04
Middle East and North Africa,Egypt,Office Supplies,Online,M,9/19/2012,683694493,10/27/2012,9249,651.21,524.96,6023041.29,4855355.04,1167686.25
Central America and the Caribbean,Jamaica,Personal Care,Online,H,8/8/2014,175611579,8/28/2014,6224,81.73,56.67,508687.52,352714.08,155973.44
Asia,Sri Lanka,Vegetables,Offline,L,4/15/2010,767438638,4/19/2010,1002,154.06,90.93,154368.12,91111.86,63256.26
Central America and the Caribbean,Dominican Republic,Beverages,Offline,C,7/22/2015,881099498,8/20/2015,5776,47.45,31.79,274071.2,183619.04,90452.16
Sub-Saharan Africa,Tanzania,Personal Care,Online,C,12/19/2016,358830487,2/1/2017,4770,81.73,56.67,389852.1,270315.9,119536.2
Middle East and North Africa,Yemen,Office Supplies,Online,M,7/4/2013,913180434,8/13/2013,9238,651.21,524.96,6015877.98,4849580.48,1166297.5
Sub-Saharan Africa,Mauritius ,Fruits,Offline,H,10/16/2012,277010667,11/4/2012,2467,9.33,6.92,23017.11,17071.64,5945.47
Asia,Malaysia,Cosmetics,Offline,H,2/25/2012,753495013,3/19/2012,4774,437.2,263.33,2087192.8,1257137.42,830055.38
Europe,Monaco,Beverages,Online,H,7/20/2017,666119801,7/26/2017,8507,47.45,31.79,403657.15,270437.53,133219.62
Sub-Saharan Africa,Cape Verde,Vegetables,Online,M,1/31/2017,208683860,2/12/2017,3046,154.06,90.93,469266.76,276972.78,192293.98
North America,Greenland,Baby Food,Offline,C,1/23/2015,995298516,3/9/2015,9804,255.28,159.42,2502765.12,1562953.68,939811.44
Asia,Kazakhstan,Personal Care,Offline,L,1/25/2013,210387599,3/16/2013,7221,81.73,56.67,590172.33,409214.07,180958.26
Middle East and North Africa,Israel,Household,Offline,L,10/3/2013,958687436,11/7/2013,5771,668.27,502.54,3856586.17,2900158.34,956427.83
Europe,Bulgaria,Personal Care,Online,H,1/20/2017,115246856,3/6/2017,2961,81.73,56.67,242002.53,167799.87,74202.66
Sub-Saharan Africa,Botswana,Clothes,Online,H,5/21/2016,475427186,6/30/2016,8324,109.28,35.84,909646.72,298332.16,611314.56
Sub-Saharan Africa,Zimbabwe,Meat,Online,C,1/9/2010,404902255,1/25/2010,8430,421.89,364.69,3556532.7,3074336.7,482196
Central America and the Caribbean,The Bahamas,Beverages,Offline,C,6/13/2012,589658391,7/18/2012,1876,47.45,31.79,89016.2,59638.04,29378.16
Europe,Vatican City,Office Supplies,Offline,H,9/16/2012,885994422,11/1/2012,4293,651.21,524.96,2795644.53,2253653.28,541991.25
Central America and the Caribbean,Panama,Household,Online,C,1/21/2016,770521676,1/31/2016,3341,668.27,502.54,2232690.07,1678986.14,553703.93
Asia,Mongolia,Baby Food,Offline,C,6/14/2017,690163981,7/14/2017,3714,255.28,159.42,948109.92,592085.88,356024.04
Australia and Oceania,New Zealand,Cereal,Offline,H,12/1/2012,712157666,12/17/2012,2134,205.7,117.11,438963.8,249912.74,189051.06
Sub-Saharan Africa,Ethiopia,Beverages,Online,H,11/28/2010,974051558,12/22/2010,2357,47.45,31.79,111839.65,74929.03,36910.62
Sub-Saharan Africa,Namibia,Cereal,Online,H,5/12/2013,333706986,5/28/2013,168,205.7,117.11,34557.6,19674.48,14883.12
Australia and Oceania,New Zealand,Office Supplies,Online,M,12/4/2011,419297778,1/22/2012,8385,651.21,524.96,5460395.85,4401789.6,1058606.25
Sub-Saharan Africa,Madagascar,Vegetables,Offline,M,6/16/2014,679310262,7/22/2014,1857,154.06,90.93,286089.42,168857.01,117232.41
Europe,Ireland,Meat,Offline,L,12/11/2010,632543265,1/16/2011,2464,421.89,364.69,1039536.96,898596.16,140940.8
Central America and the Caribbean,Trinidad and Tobago,Cosmetics,Online,H,3/2/2015,318108117,3/16/2015,4116,437.2,263.33,1799515.2,1083866.28,715648.92
Australia and Oceania,Federated States of Micronesia,Beverages,Online,L,6/15/2015,745428645,7/15/2015,7756,47.45,31.79,368022.2,246563.24,121458.96
Europe,Romania,Snacks,Offline,L,5/7/2016,744241178,5/9/2016,6358,152.58,97.44,970103.64,619523.52,350580.12
Sub-Saharan Africa,Namibia,Fruits,Online,L,2/9/2012,114594542,3/19/2012,9927,9.33,6.92,92618.91,68694.84,23924.07
North America,Canada,Cosmetics,Offline,M,3/9/2013,976850068,3/21/2013,498,437.2,263.33,217725.6,131138.34,86587.26
Europe,Poland,Clothes,Offline,M,3/6/2012,121681582,4/8/2012,7139,109.28,35.84,780149.92,255861.76,524288.16
Europe,Kosovo,Clothes,Online,H,4/26/2010,260075414,5/18/2010,949,109.28,35.84,103706.72,34012.16,69694.56
Europe,Sweden,Office Supplies,Online,L,9/7/2013,573330390,10/20/2013,58,651.21,524.96,37770.18,30447.68,7322.5
Sub-Saharan Africa,Sao Tome and Principe,Cosmetics,Online,M,4/13/2014,763057839,5/1/2014,4626,437.2,263.33,2022487.2,1218164.58,804322.62
Sub-Saharan Africa,Tanzania,Baby Food,Offline,H,7/15/2016,601181590,7/28/2016,1847,255.28,159.42,471502.16,294448.74,177053.42
Australia and Oceania,Palau,Meat,Online,C,10/17/2010,379937970,10/20/2010,943,421.89,364.69,397842.27,343902.67,53939.6
Sub-Saharan Africa,Malawi,Cosmetics,Online,M,12/20/2014,461875808,12/23/2014,8170,437.2,263.33,3571924,2151406.1,1420517.9
Asia,India,Personal Care,Offline,H,3/5/2010,829856431,4/15/2010,1814,81.73,56.67,148258.22,102799.38,45458.84
Sub-Saharan Africa,Angola,Cereal,Online,L,9/3/2012,637053668,10/4/2012,7192,205.7,117.11,1479394.4,842255.12,637139.28
Central America and the Caribbean,El Salvador,Cereal,Offline,L,1/26/2017,456953847,1/30/2017,1653,205.7,117.11,340022.1,193582.83,146439.27
Asia,Uzbekistan,Snacks,Online,C,4/1/2015,933355796,4/30/2015,9576,152.58,97.44,1461106.08,933085.44,528020.64
Europe,Romania,Office Supplies,Online,L,4/20/2015,530370843,5/26/2015,7373,651.21,524.96,4801371.33,3870530.08,930841.25
Middle East and North Africa,Bahrain,Cosmetics,Offline,C,1/10/2015,482422816,2/22/2015,8487,437.2,263.33,3710516.4,2234881.71,1475634.69
Sub-Saharan Africa,Cape Verde,Snacks,Offline,L,4/17/2013,744248044,5/21/2013,8390,152.58,97.44,1280146.2,817521.6,462624.6
Sub-Saharan Africa,Zimbabwe,Personal Care,Offline,H,10/24/2013,440895354,11/22/2013,9588,81.73,56.67,783627.24,543351.96,240275.28
Central America and the Caribbean,Costa Rica,Cereal,Online,L,10/19/2013,117726075,10/31/2013,6617,205.7,117.11,1361116.9,774916.87,586200.03
Sub-Saharan Africa,Mauritius ,Vegetables,Online,C,4/23/2015,390414035,4/29/2015,1044,154.06,90.93,160838.64,94930.92,65907.72
Sub-Saharan Africa,Benin,Beverages,Offline,C,11/22/2013,594945561,1/9/2014,6467,47.45,31.79,306859.15,205585.93,101273.22
North America,Mexico,Personal Care,Online,H,7/12/2017,137619483,7/21/2017,3518,81.73,56.67,287526.14,199365.06,88161.08
Sub-Saharan Africa,The Gambia,Clothes,Online,M,7/15/2012,745047128,8/12/2012,4857,109.28,35.84,530772.96,174074.88,356698.08
Asia,Cambodia,Baby Food,Online,C,10/24/2012,614152324,11/24/2012,175,255.28,159.42,44674,27898.5,16775.5
Sub-Saharan Africa,Zambia,Household,Offline,H,8/5/2010,262171399,8/9/2010,1198,668.27,502.54,800587.46,602042.92,198544.54
Europe,Malta,Cosmetics,Online,M,7/16/2010,276653182,8/13/2010,6679,437.2,263.33,2920058.8,1758781.07,1161277.73
Europe,Malta,Personal Care,Online,C,10/21/2010,865459001,12/1/2010,7406,81.73,56.67,605292.38,419698.02,185594.36
Middle East and North Africa,Iran,Fruits,Online,C,5/27/2014,506762683,6/18/2014,1194,9.33,6.92,11140.02,8262.48,2877.54
Sub-Saharan Africa,Nigeria,Cosmetics,Online,C,4/2/2010,899050557,4/15/2010,7894,437.2,263.33,3451256.8,2078727.02,1372529.78
Australia and Oceania,Palau,Office Supplies,Online,H,11/6/2014,211121451,12/20/2014,4384,651.21,524.96,2854904.64,2301424.64,553480
Australia and Oceania,Samoa ,Snacks,Offline,M,6/19/2015,732086694,6/27/2015,9576,152.58,97.44,1461106.08,933085.44,528020.64
Sub-Saharan Africa,Central African Republic,Vegetables,Online,L,10/16/2011,321370112,11/24/2011,9413,154.06,90.93,1450166.78,855924.09,594242.69
Sub-Saharan Africa,Seychelles ,Household,Online,C,2/28/2012,958708035,3/29/2012,1867,668.27,502.54,1247660.09,938242.18,309417.91
Central America and the Caribbean,Belize,Personal Care,Offline,H,8/9/2014,194149291,8/23/2014,1944,81.73,56.67,158883.12,110166.48,48716.64
Sub-Saharan Africa,Mauritania,Household,Offline,L,8/29/2010,598055207,10/7/2010,6681,668.27,502.54,4464711.87,3357469.74,1107242.13
Australia and Oceania,Tuvalu,Meat,Online,M,11/5/2011,311099612,12/14/2011,143,421.89,364.69,60330.27,52150.67,8179.6
Europe,Ireland,Office Supplies,Online,M,8/10/2015,694268834,8/23/2015,8431,651.21,524.96,5490351.51,4425937.76,1064413.75
Central America and the Caribbean,Saint Vincent and the Grenadines,Baby Food,Offline,H,9/2/2016,478861701,10/19/2016,4674,255.28,159.42,1193178.72,745129.08,448049.64
Europe,Germany,Vegetables,Offline,L,10/28/2010,716489541,12/7/2010,4032,154.06,90.93,621169.92,366629.76,254540.16
Europe,Portugal,Beverages,Offline,H,11/7/2013,729076182,12/8/2013,8699,47.45,31.79,412767.55,276541.21,136226.34
Sub-Saharan Africa,Malawi,Household,Offline,H,4/24/2012,358857953,5/14/2012,2898,668.27,502.54,1936646.46,1456360.92,480285.54
Central America and the Caribbean,Guatemala,Clothes,Offline,C,10/6/2012,418383681,11/24/2012,7884,109.28,35.84,861563.52,282562.56,579000.96
Asia,Bhutan,Cosmetics,Offline,L,4/2/2015,440514695,4/20/2015,6942,437.2,263.33,3035042.4,1828036.86,1207005.54
Europe,Switzerland,Snacks,Offline,C,2/7/2017,928424823,2/28/2017,392,152.58,97.44,59811.36,38196.48,21614.88
Europe,Vatican City,Personal Care,Online,M,9/17/2016,205600392,9/27/2016,580,81.73,56.67,47403.4,32868.6,14534.8
Sub-Saharan Africa,Sao Tome and Principe,Cosmetics,Offline,C,4/26/2017,265840232,5/25/2017,6887,437.2,263.33,3010996.4,1813553.71,1197442.69
Middle East and North Africa,Bahrain,Fruits,Offline,L,8/29/2015,923255670,10/2/2015,724,9.33,6.92,6754.92,5010.08,1744.84
Central America and the Caribbean,Antigua and Barbuda ,Meat,Online,C,4/26/2013,262270534,5/14/2013,534,421.89,364.69,225289.26,194744.46,30544.8
Australia and Oceania,Papua New Guinea,Vegetables,Online,C,12/12/2012,487621152,1/21/2013,6790,154.06,90.93,1046067.4,617414.7,428652.7
Sub-Saharan Africa,Lesotho,Vegetables,Online,C,6/24/2014,274356353,8/8/2014,6996,154.06,90.93,1077803.76,636146.28,441657.48
Middle East and North Africa,Syria,Clothes,Online,M,5/2/2011,617837464,6/14/2011,690,109.28,35.84,75403.2,24729.6,50673.6
Australia and Oceania,Tonga,Cereal,Offline,L,12/5/2016,783738315,1/4/2017,4439,205.7,117.11,913102.3,519851.29,393251.01
North America,Greenland,Fruits,Online,H,6/16/2015,558045232,7/3/2015,6840,9.33,6.92,63817.2,47332.8,16484.4
Sub-Saharan Africa,Mozambique,Personal Care,Offline,H,2/9/2011,697057044,2/13/2011,3524,81.73,56.67,288016.52,199705.08,88311.44
Central America and the Caribbean,Saint Vincent and the Grenadines,Cereal,Offline,M,9/17/2016,677385079,9/19/2016,2153,205.7,117.11,442872.1,252137.83,190734.27
Middle East and North Africa,Oman,Clothes,Online,C,1/30/2012,945953166,2/12/2012,7418,109.28,35.84,810639.04,265861.12,544777.92
Central America and the Caribbean,Nicaragua,Meat,Online,L,12/16/2015,669997632,12/16/2015,6043,421.89,364.69,2549481.27,2203821.67,345659.6
Europe,Germany,Cereal,Offline,M,1/26/2014,887067306,2/10/2014,1783,205.7,117.11,366763.1,208807.13,157955.97
Sub-Saharan Africa,Kenya,Vegetables,Offline,H,12/10/2015,455023515,1/2/2016,424,154.06,90.93,65321.44,38554.32,26767.12
Sub-Saharan Africa,Angola,Beverages,Offline,H,3/17/2013,102040088,4/14/2013,4784,47.45,31.79,227000.8,152083.36,74917.44
Central America and the Caribbean,Trinidad and Tobago,Fruits,Offline,C,9/26/2013,176603353,11/12/2013,9711,9.33,6.92,90603.63,67200.12,23403.51
Sub-Saharan Africa,Mali,Cereal,Offline,C,1/31/2015,197512137,3/7/2015,7085,205.7,117.11,1457384.5,829724.35,627660.15
Asia,North Korea,Clothes,Offline,H,11/18/2015,203877770,11/28/2015,818,109.28,35.84,89391.04,29317.12,60073.92
Sub-Saharan Africa,Democratic Republic of the Congo,Personal Care,Online,M,1/13/2012,305124080,2/12/2012,1851,81.73,56.67,151282.23,104896.17,46386.06
Asia,China,Snacks,Offline,L,8/29/2015,230987393,9/12/2015,3158,152.58,97.44,481847.64,307715.52,174132.12
Central America and the Caribbean,Belize,Snacks,Offline,M,6/8/2013,681516540,6/29/2013,4744,152.58,97.44,723839.52,462255.36,261584.16
Sub-Saharan Africa,Sierra Leone,Meat,Offline,H,10/28/2015,177072846,11/19/2015,8645,421.89,364.69,3647239.05,3152745.05,494494
Sub-Saharan Africa,Madagascar,Cereal,Offline,H,6/1/2015,908330142,6/29/2015,3929,205.7,117.11,808195.3,460125.19,348070.11
Asia,Uzbekistan,Vegetables,Offline,C,6/11/2013,186274755,6/21/2013,1694,154.06,90.93,260977.64,154035.42,106942.22
Asia,Kyrgyzstan,Office Supplies,Online,M,12/28/2015,792205512,1/30/2016,70,651.21,524.96,45584.7,36747.2,8837.5
Central America and the Caribbean,Nicaragua,Snacks,Online,H,1/21/2015,627733743,2/8/2015,9219,152.58,97.44,1406635.02,898299.36,508335.66
Europe,Belarus,Personal Care,Online,C,1/26/2015,364783275,2/25/2015,6332,81.73,56.67,517514.36,358834.44,158679.92
Europe,Liechtenstein,Cereal,Online,C,12/13/2013,295590436,1/27/2014,634,205.7,117.11,130413.8,74247.74,56166.06
Sub-Saharan Africa,Burkina Faso,Cosmetics,Online,M,6/18/2014,782704055,7/14/2014,8378,437.2,263.33,3662861.6,2206178.74,1456682.86
Sub-Saharan Africa,Ethiopia,Cereal,Online,M,11/14/2012,908985459,11/17/2012,7852,205.7,117.11,1615156.4,919547.72,695608.68
Central America and the Caribbean,Nicaragua,Vegetables,Offline,H,4/17/2010,727608478,5/30/2010,4372,154.06,90.93,673550.32,397545.96,276004.36
Middle East and North Africa,Pakistan,Vegetables,Offline,M,6/20/2016,812059438,7/12/2016,5288,154.06,90.93,814669.28,480837.84,333831.44
Sub-Saharan Africa,Namibia,Fruits,Online,C,9/20/2015,906137168,9/30/2015,4979,9.33,6.92,46454.07,34454.68,11999.39
Central America and the Caribbean,Nicaragua,Fruits,Offline,C,2/18/2016,373952996,3/28/2016,9857,9.33,6.92,91965.81,68210.44,23755.37
Middle East and North Africa,Lebanon,Personal Care,Online,L,7/7/2015,449930751,8/1/2015,3362,81.73,56.67,274776.26,190524.54,84251.72
Asia,Brunei,Cosmetics,Offline,L,9/20/2012,188806760,9/22/2012,971,437.2,263.33,424521.2,255693.43,168827.77
Australia and Oceania,Australia,Beverages,Offline,L,6/23/2011,515629851,8/5/2011,5186,47.45,31.79,246075.7,164862.94,81212.76
Sub-Saharan Africa,Burkina Faso,Clothes,Online,L,7/22/2016,175761353,8/20/2016,545,109.28,35.84,59557.6,19532.8,40024.8
Europe,Macedonia,Meat,Offline,M,11/17/2014,684875094,12/21/2014,8615,421.89,364.69,3634582.35,3141804.35,492778
Middle East and North Africa,Iran,Snacks,Online,L,2/19/2017,478957402,4/4/2017,2994,152.58,97.44,456824.52,291735.36,165089.16
Europe,Greece,Office Supplies,Offline,L,3/1/2016,764307105,4/1/2016,4312,651.21,524.96,2808017.52,2263627.52,544390
Europe,Bosnia and Herzegovina,Clothes,Online,M,6/6/2013,567535531,7/11/2013,5230,109.28,35.84,571534.4,187443.2,384091.2
Sub-Saharan Africa,Cameroon,Vegetables,Online,L,4/2/2015,785566508,5/1/2015,5442,154.06,90.93,838394.52,494841.06,343553.46
Asia,Taiwan,Personal Care,Online,M,11/12/2013,135636365,11/14/2013,6669,81.73,56.67,545057.37,377932.23,167125.14
Central America and the Caribbean,Barbados,Beverages,Offline,H,12/8/2013,105293929,1/10/2014,7668,47.45,31.79,363846.6,243765.72,120080.88
Sub-Saharan Africa,Uganda,Vegetables,Offline,L,8/15/2013,902400529,8/26/2013,9225,154.06,90.93,1421203.5,838829.25,582374.25
Europe,Luxembourg,Vegetables,Online,H,12/3/2015,105129992,12/18/2015,9156,154.06,90.93,1410573.36,832555.08,578018.28
Middle East and North Africa,Saudi Arabia,Household,Offline,H,5/4/2017,311968648,6/10/2017,7310,668.27,502.54,4885053.7,3673567.4,1211486.3
Sub-Saharan Africa,Zimbabwe,Personal Care,Offline,H,8/26/2011,591715323,9/2/2011,568,81.73,56.67,46422.64,32188.56,14234.08
Sub-Saharan Africa,Togo,Beverages,Online,H,6/1/2016,533481347,6/19/2016,7841,47.45,31.79,372055.45,249265.39,122790.06
Asia,Bangladesh,Personal Care,Offline,H,3/7/2016,696690547,3/9/2016,5070,81.73,56.67,414371.1,287316.9,127054.2
Australia and Oceania,Federated States of Micronesia,Fruits,Offline,M,9/15/2011,361079251,9/20/2011,229,9.33,6.92,2136.57,1584.68,551.89
Sub-Saharan Africa,Nigeria,Clothes,Online,M,3/3/2016,676696288,3/13/2016,8324,109.28,35.84,909646.72,298332.16,611314.56
Sub-Saharan Africa,Burundi,Personal Care,Online,C,7/13/2013,613902986,7/26/2013,6391,81.73,56.67,522336.43,362177.97,160158.46
Sub-Saharan Africa,Seychelles ,Office Supplies,Online,L,4/26/2015,113373172,6/14/2015,8496,651.21,524.96,5532680.16,4460060.16,1072620
Central America and the Caribbean,Trinidad and Tobago,Personal Care,Offline,L,5/25/2011,536093175,6/10/2011,738,81.73,56.67,60316.74,41822.46,18494.28
Sub-Saharan Africa,Equatorial Guinea,Personal Care,Online,M,8/22/2011,613361823,8/22/2011,6249,81.73,56.67,510730.77,354130.83,156599.94
Sub-Saharan Africa,Benin,Household,Offline,H,11/1/2011,496790444,11/3/2011,187,668.27,502.54,124966.49,93974.98,30991.51
Europe,Latvia,Cereal,Online,L,8/15/2012,408302867,8/25/2012,4747,205.7,117.11,976457.9,555921.17,420536.73
Sub-Saharan Africa,Ghana,Beverages,Online,C,9/15/2015,190135419,10/10/2015,4151,47.45,31.79,196964.95,131960.29,65004.66
Asia,Brunei,Vegetables,Online,L,6/29/2012,654836928,8/4/2012,9654,154.06,90.93,1487295.24,877838.22,609457.02
Middle East and North Africa,Turkey,Fruits,Online,L,8/12/2010,435268723,9/27/2010,4543,9.33,6.92,42386.19,31437.56,10948.63
Asia,Brunei,Household,Online,H,12/16/2014,934604632,2/1/2015,9135,668.27,502.54,6104646.45,4590702.9,1513943.55
Sub-Saharan Africa,Cameroon,Vegetables,Offline,C,5/6/2016,476330983,6/17/2016,5778,154.06,90.93,890158.68,525393.54,364765.14
Asia,Malaysia,Cosmetics,Offline,L,6/14/2010,154246604,7/8/2010,3853,437.2,263.33,1684531.6,1014610.49,669921.11
Sub-Saharan Africa,Senegal,Household,Offline,L,9/22/2016,682462823,9/22/2016,4770,668.27,502.54,3187647.9,2397115.8,790532.1
Asia,Tajikistan,Meat,Online,H,1/15/2014,145403468,1/29/2014,6972,421.89,364.69,2941417.08,2542618.68,398798.4
Sub-Saharan Africa,Mozambique,Fruits,Offline,L,8/11/2012,747804868,9/3/2012,933,9.33,6.92,8704.89,6456.36,2248.53
Europe,Czech Republic,Vegetables,Online,H,5/17/2012,264715850,6/9/2012,4157,154.06,90.93,640427.42,377996.01,262431.41
Sub-Saharan Africa,South Sudan,Baby Food,Online,H,4/29/2014,591497743,5/22/2014,6181,255.28,159.42,1577885.68,985375.02,592510.66
Asia,Tajikistan,Snacks,Online,C,9/24/2016,993824374,10/15/2016,3572,152.58,97.44,545015.76,348055.68,196960.08
Central America and the Caribbean,Cuba,Household,Offline,L,5/14/2011,357682073,6/10/2011,4929,668.27,502.54,3293902.83,2477019.66,816883.17
Middle East and North Africa,Iran,Baby Food,Offline,H,7/22/2017,339369666,9/1/2017,5881,255.28,159.42,1501301.68,937549.02,563752.66
Sub-Saharan Africa,Democratic Republic of the Congo,Household,Online,C,4/8/2010,415498483,5/1/2010,4089,668.27,502.54,2732556.03,2054886.06,677669.97
Europe,Macedonia,Clothes,Offline,H,10/3/2014,132992351,10/29/2014,4247,109.28,35.84,464112.16,152212.48,311899.68
Europe,Greece,Baby Food,Offline,L,11/23/2011,459087598,12/5/2011,3077,255.28,159.42,785496.56,490535.34,294961.22
Asia,India,Meat,Offline,C,2/18/2010,631333053,3/24/2010,4335,421.89,364.69,1828893.15,1580931.15,247962
Sub-Saharan Africa,Madagascar,Household,Offline,M,6/3/2011,407590043,6/10/2011,3806,668.27,502.54,2543435.62,1912667.24,630768.38
Europe,Moldova ,Meat,Offline,H,12/19/2014,516032397,1/23/2015,4309,421.89,364.69,1817924.01,1571449.21,246474.8
Central America and the Caribbean,Cuba,Office Supplies,Offline,L,6/28/2013,405146443,8/2/2013,691,651.21,524.96,449986.11,362747.36,87238.75
Europe,Belarus,Beverages,Online,M,2/15/2012,493731009,2/26/2012,4832,47.45,31.79,229278.4,153609.28,75669.12
Europe,Switzerland,Office Supplies,Offline,M,1/25/2017,820897424,2/28/2017,645,651.21,524.96,420030.45,338599.2,81431.25
Central America and the Caribbean,Antigua and Barbuda ,Office Supplies,Offline,L,8/29/2016,596069514,9/6/2016,9070,651.21,524.96,5906474.7,4761387.2,1145087.5
Central America and the Caribbean,Saint Kitts and Nevis ,Baby Food,Online,L,6/11/2015,448983609,6/15/2015,3082,255.28,159.42,786772.96,491332.44,295440.52
Europe,Iceland,Personal Care,Online,M,3/28/2015,179688537,4/28/2015,2686,81.73,56.67,219526.78,152215.62,67311.16
Middle East and North Africa,Yemen,Baby Food,Offline,H,5/12/2011,108545625,5/22/2011,9917,255.28,159.42,2531611.76,1580968.14,950643.62
Middle East and North Africa,Jordan,Personal Care,Online,H,7/21/2011,626228702,7/22/2011,3844,81.73,56.67,314170.12,217839.48,96330.64
Australia and Oceania,Marshall Islands,Cosmetics,Online,C,1/15/2017,843724095,2/12/2017,5564,437.2,263.33,2432580.8,1465168.12,967412.68
Sub-Saharan Africa,Burkina Faso,Personal Care,Offline,H,3/13/2011,842330634,3/13/2011,3208,81.73,56.67,262189.84,181797.36,80392.48
Europe,Russia,Clothes,Offline,H,4/21/2016,323659646,6/5/2016,6937,109.28,35.84,758075.36,248622.08,509453.28
Sub-Saharan Africa,Ghana,Vegetables,Offline,H,1/28/2014,859634959,2/21/2014,3942,154.06,90.93,607304.52,358446.06,248858.46
Sub-Saharan Africa,Togo,Baby Food,Offline,H,1/2/2010,942492902,1/15/2010,3449,255.28,159.42,880460.72,549839.58,330621.14
Central America and the Caribbean,Haiti,Vegetables,Offline,C,6/7/2014,934782302,7/5/2014,1711,154.06,90.93,263596.66,155581.23,108015.43
North America,Canada,Clothes,Offline,H,1/16/2016,819364488,3/2/2016,7015,109.28,35.84,766599.2,251417.6,515181.6
Sub-Saharan Africa,Angola,Snacks,Online,C,12/15/2015,649413287,1/16/2016,4678,152.58,97.44,713769.24,455824.32,257944.92
Sub-Saharan Africa,Zimbabwe,Clothes,Offline,M,5/5/2016,998415029,5/23/2016,2049,109.28,35.84,223914.72,73436.16,150478.56
Central America and the Caribbean,Cuba,Snacks,Online,H,8/30/2016,710168540,9/19/2016,3507,152.58,97.44,535098.06,341722.08,193375.98
Sub-Saharan Africa,Sao Tome and Principe,Fruits,Offline,L,6/10/2017,948785150,6/29/2017,5465,9.33,6.92,50988.45,37817.8,13170.65
Europe,Belgium,Fruits,Online,L,6/21/2016,248688685,7/26/2016,1363,9.33,6.92,12716.79,9431.96,3284.83
Europe,Latvia,Personal Care,Online,H,8/15/2012,364615476,8/15/2012,6677,81.73,56.67,545711.21,378385.59,167325.62
Australia and Oceania,Tuvalu,Meat,Online,M,3/7/2017,421614348,4/11/2017,3910,421.89,364.69,1649589.9,1425937.9,223652
Sub-Saharan Africa,Rwanda,Personal Care,Offline,C,3/18/2012,965046632,4/11/2012,7599,81.73,56.67,621066.27,430635.33,190430.94
Asia,Mongolia,Snacks,Offline,H,12/2/2014,810586154,1/11/2015,9311,152.58,97.44,1420672.38,907263.84,513408.54
Sub-Saharan Africa,Ethiopia,Beverages,Online,C,4/13/2013,194219243,4/30/2013,2645,47.45,31.79,125505.25,84084.55,41420.7
Middle East and North Africa,Tunisia ,Office Supplies,Offline,L,4/11/2015,322244727,5/13/2015,8231,651.21,524.96,5360109.51,4320945.76,1039163.75
Sub-Saharan Africa,Zambia,Beverages,Offline,C,10/18/2014,221273934,11/5/2014,8729,47.45,31.79,414191.05,277494.91,136696.14
Europe,Macedonia,Beverages,Offline,L,8/4/2010,788230693,8/8/2010,3833,47.45,31.79,181875.85,121851.07,60024.78
Europe,Iceland,Clothes,Offline,H,1/15/2010,740351331,2/12/2010,5266,109.28,35.84,575468.48,188733.44,386735.04
Sub-Saharan Africa,Ghana,Snacks,Offline,M,3/28/2010,665184676,4/13/2010,1782,152.58,97.44,271897.56,173638.08,98259.48
Europe,Poland,Vegetables,Offline,L,11/28/2016,770592057,12/8/2016,4169,154.06,90.93,642276.14,379087.17,263188.97
Sub-Saharan Africa,Comoros,Meat,Online,C,5/6/2010,434747302,6/12/2010,243,421.89,364.69,102519.27,88619.67,13899.6
Sub-Saharan Africa,Cameroon,Office Supplies,Offline,M,5/1/2017,456136739,6/10/2017,9852,651.21,524.96,6415720.92,5171905.92,1243815
Australia and Oceania,Kiribati,Baby Food,Offline,M,7/1/2016,803559195,8/19/2016,9878,255.28,159.42,2521655.84,1574750.76,946905.08
Sub-Saharan Africa,Swaziland,Fruits,Online,H,4/8/2010,166126000,4/14/2010,9230,9.33,6.92,86115.9,63871.6,22244.3
Europe,Greece,Baby Food,Online,H,6/21/2013,903260982,8/5/2013,3852,255.28,159.42,983338.56,614085.84,369252.72
Asia,Nepal,Cereal,Online,H,9/22/2011,494700467,10/2/2011,1716,205.7,117.11,352981.2,200960.76,152020.44
Middle East and North Africa,Iran,Cereal,Offline,H,8/21/2010,990493285,9/25/2010,7829,205.7,117.11,1610425.3,916854.19,693571.11
Central America and the Caribbean,Haiti,Clothes,Offline,L,11/17/2016,461000764,12/2/2016,9225,109.28,35.84,1008108,330624,677484
Sub-Saharan Africa,Liberia,Personal Care,Offline,H,9/10/2011,646896731,10/16/2011,9973,81.73,56.67,815093.29,565169.91,249923.38
Australia and Oceania,Tuvalu,Beverages,Offline,H,3/26/2015,209167516,5/12/2015,6171,47.45,31.79,292813.95,196176.09,96637.86
Sub-Saharan Africa,Swaziland,Office Supplies,Offline,C,8/27/2014,579111945,9/29/2014,949,651.21,524.96,617998.29,498187.04,119811.25
Asia,Japan,Cereal,Online,C,4/26/2013,108341348,6/9/2013,9467,205.7,117.11,1947361.9,1108680.37,838681.53
Europe,Kosovo,Office Supplies,Online,M,11/12/2011,818779551,12/1/2011,3919,651.21,524.96,2552091.99,2057318.24,494773.75
Sub-Saharan Africa,Madagascar,Vegetables,Offline,L,12/31/2011,752662885,1/7/2012,8528,154.06,90.93,1313823.68,775451.04,538372.64
Europe,Serbia,Cereal,Offline,C,9/12/2012,722540175,9/13/2012,4549,205.7,117.11,935729.3,532733.39,402995.91
Central America and the Caribbean,Belize,Meat,Offline,C,1/7/2014,261272752,1/8/2014,5268,421.89,364.69,2222516.52,1921186.92,301329.6
Central America and the Caribbean,Costa Rica,Clothes,Offline,L,4/13/2013,772034442,6/2/2013,1003,109.28,35.84,109607.84,35947.52,73660.32
Sub-Saharan Africa,Zambia,Vegetables,Offline,L,6/15/2016,578311574,6/16/2016,4101,154.06,90.93,631800.06,372903.93,258896.13
Europe,Germany,Vegetables,Online,L,8/20/2011,773902976,10/7/2011,3943,154.06,90.93,607458.58,358536.99,248921.59
Central America and the Caribbean,Haiti,Fruits,Offline,C,9/12/2010,272919976,10/27/2010,1941,9.33,6.92,18109.53,13431.72,4677.81
Sub-Saharan Africa,Ethiopia,Clothes,Online,C,3/27/2015,759786403,5/4/2015,6536,109.28,35.84,714254.08,234250.24,480003.84
Sub-Saharan Africa,Djibouti,Vegetables,Online,C,10/1/2012,839238584,11/4/2012,8201,154.06,90.93,1263446.06,745716.93,517729.13
Australia and Oceania,East Timor,Office Supplies,Offline,L,9/30/2010,986325347,10/29/2010,4443,651.21,524.96,2893326.03,2332397.28,560928.75
Central America and the Caribbean,Costa Rica,Meat,Online,C,3/21/2010,396408021,4/22/2010,4797,421.89,364.69,2023806.33,1749417.93,274388.4
Europe,Croatia,Clothes,Offline,M,1/4/2017,135160434,2/14/2017,5831,109.28,35.84,637211.68,208983.04,428228.64
Sub-Saharan Africa,Burundi,Vegetables,Offline,L,4/27/2015,888568913,5/12/2015,6142,154.06,90.93,946236.52,558492.06,387744.46
Central America and the Caribbean,Dominican Republic,Personal Care,Offline,L,11/25/2016,712932288,11/29/2016,1362,81.73,56.67,111316.26,77184.54,34131.72
Sub-Saharan Africa,Seychelles ,Office Supplies,Offline,H,11/14/2011,884861886,12/5/2011,9151,651.21,524.96,5959222.71,4803908.96,1155313.75
Sub-Saharan Africa,Burundi,Snacks,Online,L,5/1/2010,951281535,5/17/2010,4201,152.58,97.44,640988.58,409345.44,231643.14
Middle East and North Africa,Azerbaijan,Clothes,Offline,C,11/17/2015,979427564,11/18/2015,3236,109.28,35.84,353630.08,115978.24,237651.84
Sub-Saharan Africa,Ghana,Baby Food,Offline,C,3/30/2014,206848800,4/30/2014,11,255.28,159.42,2808.08,1753.62,1054.46
Sub-Saharan Africa,South Sudan,Fruits,Offline,H,12/11/2014,191406571,12/31/2014,313,9.33,6.92,2920.29,2165.96,754.33
Middle East and North Africa,Turkey,Vegetables,Online,M,3/13/2017,761274707,4/3/2017,6958,154.06,90.93,1071949.48,632690.94,439258.54
Central America and the Caribbean,Barbados,Household,Offline,L,9/19/2013,464939534,9/20/2013,4795,668.27,502.54,3204354.65,2409679.3,794675.35
Sub-Saharan Africa,Rwanda,Beverages,Online,H,3/17/2017,621199882,4/3/2017,5704,47.45,31.79,270654.8,181330.16,89324.64
Asia,India,Vegetables,Offline,H,2/27/2011,369167077,4/4/2011,3597,154.06,90.93,554153.82,327075.21,227078.61
Europe,Netherlands,Office Supplies,Offline,H,3/10/2014,718264949,3/24/2014,9415,651.21,524.96,6131142.15,4942498.4,1188643.75
Europe,Croatia,Office Supplies,Online,H,9/13/2015,498229825,10/6/2015,6132,651.21,524.96,3993219.72,3219054.72,774165
Middle East and North Africa,Somalia,Meat,Online,L,7/6/2017,409110534,7/25/2017,3753,421.89,364.69,1583353.17,1368681.57,214671.6
Sub-Saharan Africa,Cote d'Ivoire,Clothes,Offline,M,12/11/2014,771268403,1/6/2015,4315,109.28,35.84,471543.2,154649.6,316893.6
Central America and the Caribbean,Trinidad and Tobago,Vegetables,Online,M,9/26/2015,175377261,9/29/2015,6884,154.06,90.93,1060549.04,625962.12,434586.92
Sub-Saharan Africa,Mauritania,Cereal,Online,H,7/17/2013,432423436,8/9/2013,2559,205.7,117.11,526386.3,299684.49,226701.81
Europe,Greece,Baby Food,Online,L,6/12/2014,723705756,7/29/2014,9470,255.28,159.42,2417501.6,1509707.4,907794.2
Europe,Hungary,Clothes,Online,L,6/14/2010,750835549,6/14/2010,7779,109.28,35.84,850089.12,278799.36,571289.76
Europe,Austria,Fruits,Online,L,7/22/2013,285736644,9/6/2013,4677,9.33,6.92,43636.41,32364.84,11271.57
Europe,Portugal,Baby Food,Offline,L,2/8/2014,520645368,2/17/2014,9389,255.28,159.42,2396823.92,1496794.38,900029.54
Central America and the Caribbean,Haiti,Household,Offline,L,11/15/2014,918110549,11/21/2014,8169,668.27,502.54,5459097.63,4105249.26,1353848.37
Europe,Iceland,Personal Care,Online,H,2/11/2012,560993516,2/26/2012,9303,81.73,56.67,760334.19,527201.01,233133.18
Sub-Saharan Africa,The Gambia,Office Supplies,Online,H,7/8/2014,402468097,8/27/2014,8108,651.21,524.96,5280010.68,4256375.68,1023635
Sub-Saharan Africa,Benin,Vegetables,Offline,C,9/8/2016,116020619,10/20/2016,1934,154.06,90.93,297952.04,175858.62,122093.42
Europe,Latvia,Household,Offline,C,7/5/2010,345449912,7/12/2010,5160,668.27,502.54,3448273.2,2593106.4,855166.8
Asia,Uzbekistan,Meat,Offline,L,8/25/2011,454867303,9/22/2011,4198,421.89,364.69,1771094.22,1530968.62,240125.6
Europe,Portugal,Cereal,Offline,C,5/1/2010,778696620,5/24/2010,2489,205.7,117.11,511987.3,291486.79,220500.51
Sub-Saharan Africa,Nigeria,Fruits,Online,C,12/30/2012,371674191,1/24/2013,5508,9.33,6.92,51389.64,38115.36,13274.28
Asia,Thailand,Fruits,Offline,L,10/16/2015,158848845,10/21/2015,5758,9.33,6.92,53722.14,39845.36,13876.78
Asia,Malaysia,Personal Care,Offline,M,12/1/2015,685581910,1/18/2016,7777,81.73,56.67,635614.21,440722.59,194891.62
Sub-Saharan Africa,Mauritania,Office Supplies,Online,H,6/8/2015,767547214,7/2/2015,3132,651.21,524.96,2039589.72,1644174.72,395415
Europe,Ireland,Cosmetics,Online,L,6/22/2017,640731084,7/12/2017,5421,437.2,263.33,2370061.2,1427511.93,942549.27
Middle East and North Africa,Lebanon,Personal Care,Online,L,11/10/2014,611432349,11/19/2014,5274,81.73,56.67,431044.02,298877.58,132166.44
Central America and the Caribbean,Costa Rica,Fruits,Online,L,8/20/2016,606262338,9/20/2016,5353,9.33,6.92,49943.49,37042.76,12900.73
Middle East and North Africa,Morocco,Personal Care,Online,C,12/22/2013,622144877,12/31/2013,5350,81.73,56.67,437255.5,303184.5,134071
Sub-Saharan Africa,Chad,Cereal,Offline,C,4/5/2014,276316297,5/7/2014,6987,205.7,117.11,1437225.9,818247.57,618978.33
Asia,India,Baby Food,Offline,H,8/1/2014,156325423,8/29/2014,9021,255.28,159.42,2302880.88,1438127.82,864753.06
Asia,Kyrgyzstan,Meat,Online,C,2/5/2013,470033586,3/14/2013,2238,421.89,364.69,944189.82,816176.22,128013.6
Asia,Malaysia,Baby Food,Offline,C,10/23/2012,595614612,11/29/2012,4454,255.28,159.42,1137017.12,710056.68,426960.44
Middle East and North Africa,Libya,Fruits,Offline,H,3/22/2010,431554830,4/11/2010,5519,9.33,6.92,51492.27,38191.48,13300.79
Asia,Cambodia,Personal Care,Offline,C,4/1/2014,846653068,4/19/2014,2312,81.73,56.67,188959.76,131021.04,57938.72
Australia and Oceania,Kiribati,Clothes,Offline,M,3/1/2012,530020654,3/23/2012,3745,109.28,35.84,409253.6,134220.8,275032.8
Sub-Saharan Africa,Liberia,Household,Online,H,3/28/2011,941081416,4/12/2011,5759,668.27,502.54,3848566.93,2894127.86,954439.07
Europe,Bosnia and Herzegovina,Baby Food,Online,M,3/20/2012,459571683,5/2/2012,6329,255.28,159.42,1615667.12,1008969.18,606697.94
Central America and the Caribbean,Costa Rica,Household,Online,H,2/23/2013,235540282,4/1/2013,459,668.27,502.54,306735.93,230665.86,76070.07
Central America and the Caribbean,Guatemala,Cereal,Offline,M,2/16/2013,139348542,4/2/2013,5185,205.7,117.11,1066554.5,607215.35,459339.15
Sub-Saharan Africa,Lesotho,Beverages,Offline,H,2/10/2016,111670291,2/12/2016,4575,47.45,31.79,217083.75,145439.25,71644.5
Europe,Latvia,Meat,Online,H,12/20/2011,613491857,12/26/2011,4728,421.89,364.69,1994695.92,1724254.32,270441.6
Asia,Singapore,Office Supplies,Offline,C,7/27/2010,376112067,9/9/2010,8774,651.21,524.96,5713716.54,4605999.04,1107717.5
Europe,Russia,Clothes,Online,C,4/11/2015,451142251,4/24/2015,1872,109.28,35.84,204572.16,67092.48,137479.68
Europe,Norway,Beverages,Offline,L,8/1/2011,160506236,8/6/2011,6217,47.45,31.79,294996.65,197638.43,97358.22
Sub-Saharan Africa,Swaziland,Beverages,Offline,C,5/2/2016,246440351,5/21/2016,6031,47.45,31.79,286170.95,191725.49,94445.46
Asia,Brunei,Baby Food,Online,H,5/18/2013,621493422,7/2/2013,2570,255.28,159.42,656069.6,409709.4,246360.2
Australia and Oceania,Marshall Islands,Baby Food,Online,M,4/29/2010,818526780,6/3/2010,9119,255.28,159.42,2327898.32,1453750.98,874147.34
Middle East and North Africa,Lebanon,Beverages,Online,M,1/31/2012,440714251,3/3/2012,5996,47.45,31.79,284510.2,190612.84,93897.36
Middle East and North Africa,Jordan,Personal Care,Offline,L,1/13/2017,511542165,2/21/2017,5549,81.73,56.67,453519.77,314461.83,139057.94
Sub-Saharan Africa,Chad,Clothes,Online,H,4/15/2013,324809348,6/3/2013,7159,109.28,35.84,782335.52,256578.56,525756.96
Europe,Moldova ,Baby Food,Online,L,9/18/2012,594627130,10/6/2012,2236,255.28,159.42,570806.08,356463.12,214342.96
Europe,Montenegro,Cosmetics,Online,C,11/26/2016,305419337,1/6/2017,9224,437.2,263.33,4032732.8,2428955.92,1603776.88
Sub-Saharan Africa,Comoros,Personal Care,Offline,H,5/12/2013,761922299,6/5/2013,8595,81.73,56.67,702469.35,487078.65,215390.7
Central America and the Caribbean,Dominican Republic,Clothes,Offline,M,3/1/2017,639184844,3/14/2017,7854,109.28,35.84,858285.12,281487.36,576797.76
Europe,Denmark,Cereal,Online,H,2/27/2014,932568299,3/18/2014,6538,205.7,117.11,1344866.6,765665.18,579201.42
Central America and the Caribbean,Costa Rica,Snacks,Online,C,3/11/2010,907746493,4/19/2010,1214,152.58,97.44,185232.12,118292.16,66939.96
Sub-Saharan Africa,Sao Tome and Principe,Cosmetics,Online,C,3/4/2012,350705754,4/4/2012,481,437.2,263.33,210293.2,126661.73,83631.47
Asia,Malaysia,Office Supplies,Online,M,9/20/2016,917744910,11/6/2016,9968,651.21,524.96,6491261.28,5232801.28,1258460
Asia,Kyrgyzstan,Vegetables,Online,M,12/11/2013,285475289,1/28/2014,7337,154.06,90.93,1130338.22,667153.41,463184.81
Asia,Bhutan,Cosmetics,Online,L,12/13/2013,700820720,1/16/2014,7280,437.2,263.33,3182816,1917042.4,1265773.6
Asia,Brunei,Household,Offline,M,10/5/2012,431017529,10/25/2012,6520,668.27,502.54,4357120.4,3276560.8,1080559.6
Central America and the Caribbean,The Bahamas,Clothes,Offline,H,4/3/2011,513614547,4/9/2011,8813,109.28,35.84,963084.64,315857.92,647226.72
Asia,Cambodia,Cereal,Online,C,5/16/2011,706473100,5/26/2011,9944,205.7,117.11,2045480.8,1164541.84,880938.96
Middle East and North Africa,Afghanistan,Vegetables,Online,H,4/30/2012,837767016,6/4/2012,2732,154.06,90.93,420891.92,248420.76,172471.16
Central America and the Caribbean,Haiti,Cosmetics,Online,H,6/1/2014,355982625,7/18/2014,2024,437.2,263.33,884892.8,532979.92,351912.88
Europe,Poland,Cereal,Offline,M,3/13/2015,579918754,3/13/2015,9701,205.7,117.11,1995495.7,1136084.11,859411.59
Central America and the Caribbean,Haiti,Office Supplies,Offline,H,4/17/2013,648686730,5/2/2013,9674,651.21,524.96,6299805.54,5078463.04,1221342.5
Europe,Lithuania,Household,Offline,H,3/10/2012,671710383,4/28/2012,2884,668.27,502.54,1927290.68,1449325.36,477965.32
Asia,South Korea,Beverages,Online,C,6/5/2016,378726041,6/24/2016,2306,47.45,31.79,109419.7,73307.74,36111.96
Middle East and North Africa,Egypt,Personal Care,Offline,M,9/8/2012,469782531,10/14/2012,7945,81.73,56.67,649344.85,450243.15,199101.7
Middle East and North Africa,Tunisia ,Household,Offline,C,6/6/2011,365241181,6/27/2011,1837,668.27,502.54,1227611.99,923165.98,304446.01
Middle East and North Africa,Iraq,Fruits,Online,C,10/26/2012,455775821,11/28/2012,3049,9.33,6.92,28447.17,21099.08,7348.09
Sub-Saharan Africa,Eritrea,Fruits,Offline,L,7/7/2010,752372777,8/22/2010,2679,9.33,6.92,24995.07,18538.68,6456.39
Asia,Sri Lanka,Personal Care,Offline,H,8/7/2010,436330878,8/28/2010,8858,81.73,56.67,723964.34,501982.86,221981.48
Europe,Estonia,Baby Food,Offline,M,8/24/2012,109261453,9/27/2012,1747,255.28,159.42,445974.16,278506.74,167467.42
Sub-Saharan Africa,Sudan,Office Supplies,Offline,M,7/5/2013,443088328,8/21/2013,8538,651.21,524.96,5560030.98,4482108.48,1077922.5
Asia,Mongolia,Cosmetics,Online,L,2/9/2011,830047833,3/16/2011,8454,437.2,263.33,3696088.8,2226191.82,1469896.98
Sub-Saharan Africa,Botswana,Cosmetics,Online,L,10/15/2015,732688796,10/29/2015,7752,437.2,263.33,3389174.4,2041334.16,1347840.24
Europe,Armenia,Household,Online,M,3/25/2016,133872544,4/6/2016,4716,668.27,502.54,3151561.32,2369978.64,781582.68
Sub-Saharan Africa,Zimbabwe,Fruits,Offline,L,7/21/2013,886772906,9/5/2013,4664,9.33,6.92,43515.12,32274.88,11240.24
Europe,Serbia,Cereal,Online,L,7/3/2017,864876210,8/15/2017,4945,205.7,117.11,1017186.5,579108.95,438077.55
Europe,Andorra,Household,Offline,C,5/25/2012,711981284,6/16/2012,9939,668.27,502.54,6641935.53,4994745.06,1647190.47
Europe,Serbia,Beverages,Offline,C,11/25/2013,692199456,12/10/2013,6056,47.45,31.79,287357.2,192520.24,94836.96
Sub-Saharan Africa,Cameroon,Cereal,Offline,L,3/27/2012,239954555,5/6/2012,6740,205.7,117.11,1386418,789321.4,597096.6
Europe,Finland,Cosmetics,Offline,C,11/4/2013,209982907,12/3/2013,7463,437.2,263.33,3262823.6,1965231.79,1297591.81
Europe,Cyprus,Cosmetics,Online,H,11/14/2014,627333343,11/18/2014,732,437.2,263.33,320030.4,192757.56,127272.84
Europe,Germany,Snacks,Offline,M,7/8/2012,237367188,8/26/2012,1081,152.58,97.44,164938.98,105332.64,59606.34
Central America and the Caribbean,Grenada,Cereal,Offline,L,6/3/2016,555758273,7/9/2016,78,205.7,117.11,16044.6,9134.58,6910.02
Asia,Maldives,Personal Care,Offline,M,7/25/2014,918492925,7/25/2014,1322,81.73,56.67,108047.06,74917.74,33129.32
Middle East and North Africa,Morocco,Baby Food,Online,H,12/1/2014,731869971,12/17/2014,5443,255.28,159.42,1389489.04,867723.06,521765.98
Europe,Bosnia and Herzegovina,Clothes,Offline,L,5/17/2011,822500741,6/7/2011,5102,109.28,35.84,557546.56,182855.68,374690.88
Asia,Malaysia,Meat,Offline,M,4/5/2010,287309062,5/17/2010,9991,421.89,364.69,4215102.99,3643617.79,571485.2
Asia,Nepal,Personal Care,Online,H,5/20/2011,543531262,6/3/2011,1834,81.73,56.67,149892.82,103932.78,45960.04
Europe,Georgia,Vegetables,Online,C,10/30/2011,378716170,11/16/2011,9386,154.06,90.93,1446007.16,853468.98,592538.18
Sub-Saharan Africa,Equatorial Guinea,Beverages,Offline,M,5/2/2017,900725114,6/13/2017,3432,47.45,31.79,162848.4,109103.28,53745.12
Europe,Slovenia,Personal Care,Online,H,10/2/2015,587731921,10/16/2015,1791,81.73,56.67,146378.43,101495.97,44882.46
Sub-Saharan Africa,Lesotho,Vegetables,Offline,M,2/27/2011,238222920,3/28/2011,4311,154.06,90.93,664152.66,391999.23,272153.43
Middle East and North Africa,Bahrain,Vegetables,Online,L,6/21/2012,720996940,7/6/2012,7871,154.06,90.93,1212606.26,715710.03,496896.23
Asia,North Korea,Office Supplies,Offline,H,7/15/2014,725165307,7/31/2014,1384,651.21,524.96,901274.64,726544.64,174730
Europe,Armenia,Meat,Offline,L,1/17/2017,810151851,1/30/2017,791,421.89,364.69,333714.99,288469.79,45245.2
Central America and the Caribbean,Costa Rica,Cosmetics,Offline,L,3/8/2013,255692899,3/11/2013,4066,437.2,263.33,1777655.2,1070699.78,706955.42
Asia,Indonesia,Office Supplies,Online,M,2/18/2016,211837279,3/6/2016,6213,651.21,524.96,4045967.73,3261576.48,784391.25
Sub-Saharan Africa,Angola,Personal Care,Online,L,6/3/2017,548946321,6/6/2017,4270,81.73,56.67,348987.1,241980.9,107006.2
Sub-Saharan Africa,Nigeria,Office Supplies,Online,M,6/6/2013,307693850,7/22/2013,2303,651.21,524.96,1499736.63,1208982.88,290753.75
Sub-Saharan Africa,Senegal,Fruits,Offline,M,10/1/2016,849066197,11/14/2016,6411,9.33,6.92,59814.63,44364.12,15450.51
Europe,Ireland,Personal Care,Online,H,7/13/2014,904362189,8/14/2014,9724,81.73,56.67,794742.52,551059.08,243683.44
Australia and Oceania,Papua New Guinea,Personal Care,Offline,H,2/18/2010,625193154,3/1/2010,7402,81.73,56.67,604965.46,419471.34,185494.12
Central America and the Caribbean,Costa Rica,Household,Offline,C,10/9/2011,233482921,10/28/2011,1640,668.27,502.54,1095962.8,824165.6,271797.2
Asia,Kazakhstan,Clothes,Offline,M,7/29/2013,471467816,8/5/2013,6659,109.28,35.84,727695.52,238658.56,489036.96
Central America and the Caribbean,Grenada,Cosmetics,Offline,C,7/12/2014,351696670,7/28/2014,3715,437.2,263.33,1624198,978270.95,645927.05
Europe,Ireland,Household,Online,M,9/5/2014,307030808,10/22/2014,6094,668.27,502.54,4072437.38,3062478.76,1009958.62
Sub-Saharan Africa,Tanzania,Vegetables,Online,L,5/10/2011,840644061,6/21/2011,4114,154.06,90.93,633802.84,374086.02,259716.82
North America,Greenland,Beverages,Offline,C,7/9/2010,276022756,7/13/2010,122,47.45,31.79,5788.9,3878.38,1910.52
Asia,Taiwan,Vegetables,Online,L,6/1/2015,606965720,6/29/2015,3500,154.06,90.93,539210,318255,220955
Europe,Bulgaria,Baby Food,Online,L,3/16/2015,747584283,4/4/2015,5657,255.28,159.42,1444118.96,901838.94,542280.02
Middle East and North Africa,Kuwait,Clothes,Online,H,6/22/2011,582302272,7/13/2011,5037,109.28,35.84,550443.36,180526.08,369917.28
Sub-Saharan Africa,Ethiopia,Baby Food,Online,C,6/12/2014,515856015,7/24/2014,2113,255.28,159.42,539406.64,336854.46,202552.18
Europe,Croatia,Vegetables,Online,L,6/24/2016,123294341,7/20/2016,4390,154.06,90.93,676323.4,399182.7,277140.7
Middle East and North Africa,Algeria,Beverages,Offline,C,12/30/2010,399978578,2/3/2011,1404,47.45,31.79,66619.8,44633.16,21986.64
Sub-Saharan Africa,Tanzania,Cosmetics,Online,H,6/1/2011,611582553,6/15/2011,9723,437.2,263.33,4250895.6,2560357.59,1690538.01
Asia,Maldives,Fruits,Offline,M,1/27/2017,544092595,2/22/2017,7945,9.33,6.92,74126.85,54979.4,19147.45
Central America and the Caribbean,Haiti,Vegetables,Offline,M,1/6/2017,953807532,1/23/2017,1699,154.06,90.93,261747.94,154490.07,107257.87
Europe,Cyprus,Meat,Offline,C,6/29/2016,417338693,7/1/2016,8648,421.89,364.69,3648504.72,3153839.12,494665.6
Europe,Latvia,Household,Offline,C,6/22/2010,281609904,7/23/2010,3484,668.27,502.54,2328252.68,1750849.36,577403.32
Australia and Oceania,Kiribati,Clothes,Online,M,2/13/2010,613857495,3/1/2010,2929,109.28,35.84,320081.12,104975.36,215105.76
Europe,Macedonia,Household,Offline,L,4/23/2016,651630294,5/3/2016,739,668.27,502.54,493851.53,371377.06,122474.47
Middle East and North Africa,Oman,Baby Food,Offline,H,11/4/2015,152789628,12/3/2015,2701,255.28,159.42,689511.28,430593.42,258917.86
Asia,Singapore,Personal Care,Offline,C,7/4/2015,745509326,7/31/2015,1631,81.73,56.67,133301.63,92428.77,40872.86
Sub-Saharan Africa,Cote d'Ivoire,Snacks,Online,C,8/4/2015,978275716,8/23/2015,2379,152.58,97.44,362987.82,231809.76,131178.06
Asia,Turkmenistan,Office Supplies,Offline,C,8/27/2013,369887626,9/8/2013,6823,651.21,524.96,4443205.83,3581802.08,861403.75
Middle East and North Africa,Turkey,Household,Offline,M,11/25/2015,759456384,12/19/2015,8876,668.27,502.54,5931564.52,4460545.04,1471019.48
Europe,Malta,Cereal,Offline,H,8/30/2010,456405818,9/10/2010,9479,205.7,117.11,1949830.3,1110085.69,839744.61
Sub-Saharan Africa,Seychelles ,Household,Online,C,1/21/2010,990472257,3/6/2010,1606,668.27,502.54,1073241.62,807079.24,266162.38
Middle East and North Africa,Bahrain,Beverages,Offline,M,11/29/2015,361704528,12/30/2015,5263,47.45,31.79,249729.35,167310.77,82418.58
Sub-Saharan Africa,Niger,Clothes,Offline,C,12/17/2015,690463960,1/29/2016,2484,109.28,35.84,271451.52,89026.56,182424.96
Sub-Saharan Africa,Guinea,Vegetables,Offline,L,5/17/2010,567424380,6/27/2010,2338,154.06,90.93,360192.28,212594.34,147597.94
Sub-Saharan Africa,Equatorial Guinea,Personal Care,Offline,M,7/14/2015,903572118,8/31/2015,5924,81.73,56.67,484168.52,335713.08,148455.44
Sub-Saharan Africa,Zimbabwe,Vegetables,Online,H,10/18/2014,880206000,11/11/2014,1370,154.06,90.93,211062.2,124574.1,86488.1
Europe,Greece,Office Supplies,Online,H,4/25/2015,198937356,6/10/2015,8839,651.21,524.96,5756045.19,4640121.44,1115923.75
North America,Greenland,Household,Offline,M,12/8/2013,431690013,1/2/2014,5523,668.27,502.54,3690855.21,2775528.42,915326.79
Sub-Saharan Africa,Guinea,Personal Care,Offline,L,2/27/2016,970700299,4/5/2016,645,81.73,56.67,52715.85,36552.15,16163.7
Sub-Saharan Africa,Madagascar,Beverages,Offline,C,3/5/2017,378517043,4/24/2017,459,47.45,31.79,21779.55,14591.61,7187.94
Middle East and North Africa,Tunisia ,Beverages,Online,C,3/31/2013,438001573,5/9/2013,3254,47.45,31.79,154402.3,103444.66,50957.64
Asia,Turkmenistan,Fruits,Offline,M,1/23/2013,302327716,2/12/2013,4344,9.33,6.92,40529.52,30060.48,10469.04
Europe,Germany,Cereal,Online,L,3/23/2011,544981801,4/15/2011,1080,205.7,117.11,222156,126478.8,95677.2
Middle East and North Africa,Oman,Snacks,Online,M,10/6/2014,909762656,10/22/2014,7842,152.58,97.44,1196532.36,764124.48,432407.88
Sub-Saharan Africa,Tanzania,Office Supplies,Offline,L,8/16/2016,760781610,9/15/2016,1039,651.21,524.96,676607.19,545433.44,131173.75
Australia and Oceania,Samoa ,Fruits,Online,L,8/13/2014,432462489,9/16/2014,4116,9.33,6.92,38402.28,28482.72,9919.56
Sub-Saharan Africa,Zimbabwe,Cosmetics,Offline,M,3/2/2015,779541623,3/12/2015,2544,437.2,263.33,1112236.8,669911.52,442325.28
Central America and the Caribbean,Costa Rica,Fruits,Offline,C,6/4/2014,927067840,7/5/2014,8830,9.33,6.92,82383.9,61103.6,21280.3
Sub-Saharan Africa,Comoros,Fruits,Offline,L,3/2/2017,520402467,3/30/2017,7509,9.33,6.92,70058.97,51962.28,18096.69
Europe,Poland,Baby Food,Online,M,4/24/2010,175219333,5/19/2010,149,255.28,159.42,38036.72,23753.58,14283.14
Sub-Saharan Africa,Nigeria,Cosmetics,Online,L,2/17/2012,127504765,2/25/2012,348,437.2,263.33,152145.6,91638.84,60506.76
Europe,Armenia,Meat,Online,C,6/12/2015,683557593,6/12/2015,8737,421.89,364.69,3686052.93,3186296.53,499756.4
Asia,Philippines,Meat,Offline,C,2/28/2014,869989144,4/9/2014,7976,421.89,364.69,3364994.64,2908767.44,456227.2
Australia and Oceania,Tuvalu,Household,Online,M,8/4/2014,683723247,8/5/2014,7757,668.27,502.54,5183770.39,3898202.78,1285567.61
North America,Mexico,Fruits,Offline,L,7/19/2016,641996228,8/12/2016,9805,9.33,6.92,91480.65,67850.6,23630.05
Sub-Saharan Africa,Ethiopia,Snacks,Offline,H,2/14/2017,432356917,3/21/2017,2875,152.58,97.44,438667.5,280140,158527.5
Europe,Russia,Office Supplies,Online,M,6/20/2014,262666642,7/14/2014,7751,651.21,524.96,5047528.71,4068964.96,978563.75
Australia and Oceania,Solomon Islands,Office Supplies,Offline,L,8/5/2011,411099231,8/26/2011,2253,651.21,524.96,1467176.13,1182734.88,284441.25
Europe,Moldova ,Household,Offline,L,7/26/2012,776141011,8/11/2012,6228,668.27,502.54,4161985.56,3129819.12,1032166.44
Europe,Hungary,Vegetables,Online,C,3/3/2011,426590812,4/13/2011,6556,154.06,90.93,1010017.36,596137.08,413880.28
Middle East and North Africa,Qatar,Fruits,Offline,H,5/19/2017,751559960,6/26/2017,2148,9.33,6.92,20040.84,14864.16,5176.68
Sub-Saharan Africa,Niger,Meat,Offline,L,10/4/2015,510472285,11/13/2015,8948,421.89,364.69,3775071.72,3263246.12,511825.6
Sub-Saharan Africa,Zambia,Meat,Offline,M,8/16/2014,783064115,9/27/2014,4928,421.89,364.69,2079073.92,1797192.32,281881.6
Central America and the Caribbean,The Bahamas,Vegetables,Online,H,1/8/2012,919384276,2/3/2012,5093,154.06,90.93,784627.58,463106.49,321521.09
Sub-Saharan Africa,Guinea-Bissau,Fruits,Online,H,8/14/2014,789794099,9/23/2014,6480,9.33,6.92,60458.4,44841.6,15616.8
Australia and Oceania,New Zealand,Cereal,Online,C,3/24/2011,334967410,4/11/2011,3155,205.7,117.11,648983.5,369482.05,279501.45
Europe,Ireland,Cosmetics,Online,C,6/8/2014,915890538,6/16/2014,1218,437.2,263.33,532509.6,320735.94,211773.66
Sub-Saharan Africa,Democratic Republic of the Congo,Beverages,Online,L,5/24/2011,363862311,7/12/2011,3799,47.45,31.79,180262.55,120770.21,59492.34
Europe,Vatican City,Personal Care,Offline,L,1/14/2013,630494058,2/20/2013,6057,81.73,56.67,495038.61,343250.19,151788.42
Sub-Saharan Africa,The Gambia,Meat,Offline,L,6/7/2012,137709605,6/19/2012,187,421.89,364.69,78893.43,68197.03,10696.4
Middle East and North Africa,United Arab Emirates,Clothes,Online,M,4/15/2011,527745282,5/10/2011,412,109.28,35.84,45023.36,14766.08,30257.28
Middle East and North Africa,United Arab Emirates,Office Supplies,Offline,C,2/25/2016,813149917,3/12/2016,7985,651.21,524.96,5199911.85,4191805.6,1008106.25
Sub-Saharan Africa,Sudan,Meat,Offline,L,12/7/2011,526784837,1/13/2012,6194,421.89,364.69,2613186.66,2258889.86,354296.8
Central America and the Caribbean,Saint Lucia,Beverages,Online,C,2/6/2011,171823871,3/8/2011,5356,47.45,31.79,254142.2,170267.24,83874.96
Australia and Oceania,Marshall Islands,Meat,Online,L,1/18/2012,771753346,3/7/2012,7820,421.89,364.69,3299179.8,2851875.8,447304
Central America and the Caribbean,Dominica,Cereal,Offline,L,6/11/2010,720372092,7/17/2010,2965,205.7,117.11,609900.5,347231.15,262669.35
Middle East and North Africa,Tunisia ,Cosmetics,Offline,C,8/5/2010,731791436,9/23/2010,2203,437.2,263.33,963151.6,580115.99,383035.61
Asia,Brunei,Personal Care,Offline,C,2/1/2014,690435206,3/2/2014,3975,81.73,56.67,324876.75,225263.25,99613.5
Sub-Saharan Africa,Rwanda,Household,Online,C,1/2/2016,101039731,2/8/2016,8757,668.27,502.54,5852040.39,4400742.78,1451297.61
Asia,Singapore,Baby Food,Offline,C,4/9/2016,338653838,4/26/2016,4051,255.28,159.42,1034139.28,645810.42,388328.86
Asia,Indonesia,Beverages,Offline,L,11/19/2015,598638856,12/17/2015,9395,47.45,31.79,445792.75,298667.05,147125.7
Europe,Andorra,Household,Offline,M,2/11/2013,146668612,3/1/2013,1357,668.27,502.54,906842.39,681946.78,224895.61
Europe,Hungary,Office Supplies,Online,H,11/16/2014,568729436,1/4/2015,8533,651.21,524.96,5556774.93,4479483.68,1077291.25
Middle East and North Africa,Oman,Meat,Online,C,3/18/2010,821120154,4/3/2010,6556,421.89,364.69,2765910.84,2390907.64,375003.2
Central America and the Caribbean,Saint Lucia,Clothes,Offline,C,12/11/2011,380452096,1/15/2012,3085,109.28,35.84,337128.8,110566.4,226562.4
Sub-Saharan Africa,Rwanda,Office Supplies,Online,M,1/15/2015,593649089,1/20/2015,2812,651.21,524.96,1831202.52,1476187.52,355015
Sub-Saharan Africa,Zimbabwe,Cereal,Offline,M,7/10/2015,627947461,8/19/2015,2463,205.7,117.11,506639.1,288441.93,218197.17
Europe,Estonia,Clothes,Offline,M,4/7/2014,620896041,5/19/2014,5791,109.28,35.84,632840.48,207549.44,425291.04
Europe,Serbia,Cosmetics,Online,L,3/19/2013,330356156,4/14/2013,8583,437.2,263.33,3752487.6,2260161.39,1492326.21
Asia,Tajikistan,Baby Food,Online,M,8/2/2011,484501636,9/18/2011,3656,255.28,159.42,933303.68,582839.52,350464.16
Sub-Saharan Africa,Togo,Clothes,Online,C,3/27/2017,531818807,4/16/2017,5858,109.28,35.84,640162.24,209950.72,430211.52
Sub-Saharan Africa,Sierra Leone,Baby Food,Offline,L,8/2/2012,891106498,8/3/2012,7070,255.28,159.42,1804829.6,1127099.4,677730.2
Australia and Oceania,Palau,Cosmetics,Online,H,5/30/2011,701476037,6/9/2011,1203,437.2,263.33,525951.6,316785.99,209165.61
Europe,Switzerland,Household,Offline,L,3/8/2017,972351253,3/9/2017,9198,668.27,502.54,6146747.46,4622362.92,1524384.54
Sub-Saharan Africa,Cote d'Ivoire,Household,Online,H,9/26/2011,533468472,11/12/2011,4031,668.27,502.54,2693796.37,2025738.74,668057.63
Middle East and North Africa,Oman,Office Supplies,Online,L,1/13/2012,984876525,1/16/2012,5705,651.21,524.96,3715153.05,2994896.8,720256.25
Europe,Serbia,Cereal,Offline,C,5/23/2013,846936738,7/6/2013,6256,205.7,117.11,1286859.2,732640.16,554219.04
Europe,Macedonia,Household,Offline,C,12/24/2015,510322940,1/20/2016,4753,668.27,502.54,3176287.31,2388572.62,787714.69
Sub-Saharan Africa,Madagascar,Cereal,Online,L,6/14/2013,886021459,7/11/2013,2294,205.7,117.11,471875.8,268650.34,203225.46
Sub-Saharan Africa,Lesotho,Vegetables,Online,M,11/23/2011,255331122,11/27/2011,7008,154.06,90.93,1079652.48,637237.44,442415.04
Europe,Poland,Cereal,Online,L,11/18/2010,119863259,12/23/2010,9057,205.7,117.11,1863024.9,1060665.27,802359.63
Middle East and North Africa,Tunisia ,Cosmetics,Online,C,11/2/2014,251541697,12/3/2014,5633,437.2,263.33,2462747.6,1483337.89,979409.71
Europe,Ukraine,Cosmetics,Online,M,2/8/2014,942602765,2/27/2014,5960,437.2,263.33,2605712,1569446.8,1036265.2
Australia and Oceania,Tonga,Snacks,Online,L,6/18/2011,755595290,7/1/2011,6292,152.58,97.44,960033.36,613092.48,346940.88
Europe,Armenia,Vegetables,Offline,L,9/27/2010,573380601,11/9/2010,4916,154.06,90.93,757358.96,447011.88,310347.08
Europe,Macedonia,Office Supplies,Online,M,1/16/2013,449132525,2/7/2013,7150,651.21,524.96,4656151.5,3753464,902687.5
Europe,Belgium,Fruits,Offline,H,12/27/2012,956337392,1/27/2013,341,9.33,6.92,3181.53,2359.72,821.81
Middle East and North Africa,Oman,Cosmetics,Online,C,1/10/2010,938794028,2/17/2010,8870,437.2,263.33,3877964,2335737.1,1542226.9
Europe,Hungary,Fruits,Offline,L,4/2/2012,660613763,4/25/2012,9148,9.33,6.92,85350.84,63304.16,22046.68
Europe,Cyprus,Household,Offline,C,6/19/2017,456220424,6/25/2017,4616,668.27,502.54,3084734.32,2319724.64,765009.68
North America,Mexico,Office Supplies,Offline,C,12/17/2016,280350339,1/6/2017,750,651.21,524.96,488407.5,393720,94687.5
Sub-Saharan Africa,Tanzania,Personal Care,Offline,C,6/14/2014,158052337,7/19/2014,54,81.73,56.67,4413.42,3060.18,1353.24
Asia,Thailand,Snacks,Offline,H,9/19/2014,634687745,10/25/2014,7063,152.58,97.44,1077672.54,688218.72,389453.82
Europe,Hungary,Cereal,Offline,M,3/31/2012,525930392,5/14/2012,3345,205.7,117.11,688066.5,391732.95,296333.55
Sub-Saharan Africa,Angola,Baby Food,Offline,H,3/2/2010,967766606,4/16/2010,2500,255.28,159.42,638200,398550,239650
Europe,Macedonia,Fruits,Online,C,6/13/2016,466495215,6/26/2016,5156,9.33,6.92,48105.48,35679.52,12425.96
Australia and Oceania,Nauru,Office Supplies,Offline,M,6/2/2017,748727548,7/9/2017,3975,651.21,524.96,2588559.75,2086716,501843.75
Australia and Oceania,Papua New Guinea,Beverages,Online,L,10/28/2011,911387431,12/8/2011,8649,47.45,31.79,410395.05,274951.71,135443.34
Asia,South Korea,Cosmetics,Online,L,8/13/2014,571711194,8/25/2014,902,437.2,263.33,394354.4,237523.66,156830.74
Middle East and North Africa,Kuwait,Meat,Offline,L,4/26/2015,317247664,5/27/2015,9489,421.89,364.69,4003314.21,3460543.41,542770.8
Middle East and North Africa,Yemen,Cosmetics,Online,L,1/29/2012,355858170,3/5/2012,5195,437.2,263.33,2271254,1367999.35,903254.65
Europe,Vatican City,Vegetables,Offline,L,6/25/2015,965716540,6/29/2015,5839,154.06,90.93,899556.34,530940.27,368616.07
Asia,Uzbekistan,Cereal,Online,M,6/14/2014,245309102,7/15/2014,1269,205.7,117.11,261033.3,148612.59,112420.71
Central America and the Caribbean,Panama,Meat,Offline,M,5/3/2010,863434684,6/17/2010,8365,421.89,364.69,3529109.85,3050631.85,478478
Europe,Romania,Vegetables,Offline,M,2/15/2013,609204614,3/26/2013,6038,154.06,90.93,930214.28,549035.34,381178.94
Europe,Norway,Household,Online,L,12/10/2014,942042720,1/24/2015,230,668.27,502.54,153702.1,115584.2,38117.9
Europe,Bosnia and Herzegovina,Cereal,Online,M,7/15/2016,241685330,7/23/2016,8915,205.7,117.11,1833815.5,1044035.65,789779.85
Asia,Vietnam,Office Supplies,Online,C,12/14/2015,558181273,12/26/2015,7098,651.21,524.96,4622288.58,3726166.08,896122.5
Australia and Oceania,New Zealand,Cosmetics,Online,H,4/14/2012,861891877,4/18/2012,1814,437.2,263.33,793080.8,477680.62,315400.18
Asia,Vietnam,Baby Food,Online,L,1/24/2017,193490970,2/11/2017,7133,255.28,159.42,1820912.24,1137142.86,683769.38
Australia and Oceania,Papua New Guinea,Fruits,Offline,L,8/3/2012,813964879,8/5/2012,9151,9.33,6.92,85378.83,63324.92,22053.91
Asia,Tajikistan,Meat,Online,L,4/20/2016,554612433,6/2/2016,999,421.89,364.69,421468.11,364325.31,57142.8
Middle East and North Africa,Afghanistan,Snacks,Online,L,5/31/2016,467044961,7/11/2016,7838,152.58,97.44,1195922.04,763734.72,432187.32
Asia,Bhutan,Personal Care,Online,L,7/27/2013,773186290,8/29/2013,1860,81.73,56.67,152017.8,105406.2,46611.6
North America,Greenland,Beverages,Offline,L,1/17/2017,415272748,2/6/2017,7289,47.45,31.79,345863.05,231717.31,114145.74
Australia and Oceania,Samoa ,Beverages,Online,M,9/5/2010,205853164,10/19/2010,5381,47.45,31.79,255328.45,171061.99,84266.46
Europe,Netherlands,Meat,Online,H,3/26/2017,577788865,3/31/2017,9420,421.89,364.69,3974203.8,3435379.8,538824
Europe,Poland,Clothes,Offline,L,4/27/2011,234253680,6/12/2011,9724,109.28,35.84,1062638.72,348508.16,714130.56
Europe,Macedonia,Fruits,Offline,L,1/18/2014,198733937,2/7/2014,8643,9.33,6.92,80639.19,59809.56,20829.63
Asia,Tajikistan,Baby Food,Online,C,7/7/2013,665028464,7/29/2013,5556,255.28,159.42,1418335.68,885737.52,532598.16
Middle East and North Africa,Turkey,Meat,Offline,L,1/11/2014,547248589,1/16/2014,1874,421.89,364.69,790621.86,683429.06,107192.8
Sub-Saharan Africa,Tanzania,Personal Care,Offline,C,3/6/2017,629818141,3/22/2017,6039,81.73,56.67,493567.47,342230.13,151337.34
Asia,Bhutan,Meat,Offline,M,6/18/2010,417473447,6/28/2010,8525,421.89,364.69,3596612.25,3108982.25,487630
Australia and Oceania,Nauru,Beverages,Online,L,7/14/2016,385263335,8/19/2016,6837,47.45,31.79,324415.65,217348.23,107067.42
Australia and Oceania,Solomon Islands,Cereal,Online,C,9/1/2013,628549134,10/21/2013,511,205.7,117.11,105112.7,59843.21,45269.49
Sub-Saharan Africa,Cote d'Ivoire,Vegetables,Offline,H,4/15/2015,413004672,4/15/2015,6115,154.06,90.93,942076.9,556036.95,386039.95
Sub-Saharan Africa,Democratic Republic of the Congo,Snacks,Online,M,2/23/2013,424616277,4/13/2013,2247,152.58,97.44,342847.26,218947.68,123899.58
Sub-Saharan Africa,Swaziland,Snacks,Offline,L,6/13/2011,519682776,7/26/2011,4537,152.58,97.44,692255.46,442085.28,250170.18
Asia,Indonesia,Vegetables,Online,H,6/10/2015,174815499,7/26/2015,646,154.06,90.93,99522.76,58740.78,40781.98
Europe,Germany,Fruits,Offline,M,7/4/2012,736938273,7/11/2012,5266,9.33,6.92,49131.78,36440.72,12691.06
Australia and Oceania,Palau,Meat,Online,C,10/29/2013,473287427,12/11/2013,5122,421.89,364.69,2160920.58,1867942.18,292978.4
Europe,Cyprus,Cereal,Offline,L,9/11/2012,421411788,9/12/2012,3968,205.7,117.11,816217.6,464692.48,351525.12
Sub-Saharan Africa,Mauritania,Meat,Online,L,1/22/2011,339172685,1/23/2011,7589,421.89,364.69,3201723.21,2767632.41,434090.8
Middle East and North Africa,Lebanon,Personal Care,Offline,C,9/16/2015,954743945,10/31/2015,8805,81.73,56.67,719632.65,498979.35,220653.3
Asia,Uzbekistan,Clothes,Online,H,10/14/2011,816611897,12/3/2011,2462,109.28,35.84,269047.36,88238.08,180809.28
Sub-Saharan Africa,Benin,Clothes,Offline,C,12/29/2011,343575370,1/17/2012,442,109.28,35.84,48301.76,15841.28,32460.48
Sub-Saharan Africa,Djibouti,Snacks,Online,H,12/18/2014,474745690,1/11/2015,6655,152.58,97.44,1015419.9,648463.2,366956.7
Central America and the Caribbean,Trinidad and Tobago,Office Supplies,Online,M,8/8/2016,419546687,8/28/2016,2043,651.21,524.96,1330422.03,1072493.28,257928.75
Central America and the Caribbean,Saint Vincent and the Grenadines,Clothes,Offline,C,11/19/2013,807714688,12/16/2013,9580,109.28,35.84,1046902.4,343347.2,703555.2
Europe,Denmark,Cosmetics,Online,H,3/14/2016,539298522,3/18/2016,9272,437.2,263.33,4053718.4,2441595.76,1612122.64
Middle East and North Africa,Kuwait,Meat,Online,L,4/19/2011,834659516,5/11/2011,3154,421.89,364.69,1330641.06,1150232.26,180408.8
Asia,Thailand,Cosmetics,Online,M,6/25/2014,284471499,8/6/2014,293,437.2,263.33,128099.6,77155.69,50943.91
Sub-Saharan Africa,Zimbabwe,Clothes,Online,H,11/5/2011,699720799,12/10/2011,1789,109.28,35.84,195501.92,64117.76,131384.16
Sub-Saharan Africa,Democratic Republic of the Congo,Office Supplies,Offline,C,1/14/2017,361706244,1/27/2017,5771,651.21,524.96,3758132.91,3029544.16,728588.75
Central America and the Caribbean,Guatemala,Snacks,Offline,H,6/30/2014,772039163,7/3/2014,2399,152.58,97.44,366039.42,233758.56,132280.86
Asia,India,Snacks,Online,M,3/17/2016,802643382,4/2/2016,8868,152.58,97.44,1353079.44,864097.92,488981.52
Europe,Czech Republic,Baby Food,Offline,H,7/12/2012,745755231,8/10/2012,4400,255.28,159.42,1123232,701448,421784
Middle East and North Africa,Saudi Arabia,Beverages,Offline,L,10/18/2013,963923537,10/23/2013,5250,47.45,31.79,249112.5,166897.5,82215
Europe,Iceland,Baby Food,Online,C,4/10/2016,540009629,5/5/2016,9704,255.28,159.42,2477237.12,1547011.68,930225.44
Sub-Saharan Africa,Ghana,Snacks,Online,C,7/2/2013,427187335,7/4/2013,3080,152.58,97.44,469946.4,300115.2,169831.2
Europe,Belgium,Personal Care,Offline,L,3/24/2015,298942983,4/10/2015,2727,81.73,56.67,222877.71,154539.09,68338.62
Europe,Armenia,Household,Offline,C,5/3/2013,799075400,6/10/2013,3023,668.27,502.54,2020180.21,1519178.42,501001.79
Sub-Saharan Africa,Uganda,Cosmetics,Offline,C,12/5/2015,391695916,1/19/2016,381,437.2,263.33,166573.2,100328.73,66244.47
Sub-Saharan Africa,Djibouti,Fruits,Online,L,3/21/2013,311228358,3/28/2013,8242,9.33,6.92,76897.86,57034.64,19863.22
Middle East and North Africa,Somalia,Snacks,Offline,C,8/28/2011,512409055,9/5/2011,2081,152.58,97.44,317518.98,202772.64,114746.34
Europe,Andorra,Cereal,Online,M,12/13/2014,120286834,12/31/2014,4402,205.7,117.11,905491.4,515518.22,389973.18
Central America and the Caribbean,Grenada,Personal Care,Online,C,9/27/2012,580223023,10/18/2012,9741,81.73,56.67,796131.93,552022.47,244109.46
Europe,France,Vegetables,Online,L,8/28/2014,707891452,10/7/2014,9666,154.06,90.93,1489143.96,878929.38,610214.58
North America,United States of America,Baby Food,Offline,C,4/1/2016,739278447,4/10/2016,7776,255.28,159.42,1985057.28,1239649.92,745407.36
Central America and the Caribbean,Honduras,Fruits,Online,H,5/9/2010,980682837,5/13/2010,4699,9.33,6.92,43841.67,32517.08,11324.59
Sub-Saharan Africa,South Africa,Meat,Offline,M,7/30/2013,458715951,8/11/2013,3098,421.89,364.69,1307015.22,1129809.62,177205.6
Asia,Brunei,Office Supplies,Offline,H,2/5/2017,970301616,2/12/2017,2665,651.21,524.96,1735474.65,1399018.4,336456.25
Central America and the Caribbean,Panama,Fruits,Online,L,2/26/2013,332676160,3/27/2013,5123,9.33,6.92,47797.59,35451.16,12346.43
Sub-Saharan Africa,Republic of the Congo,Office Supplies,Online,M,12/24/2013,933388411,12/28/2013,9228,651.21,524.96,6009365.88,4844330.88,1165035
Asia,Thailand,Cereal,Online,H,2/27/2010,280299699,3/23/2010,5765,205.7,117.11,1185860.5,675139.15,510721.35
Asia,Uzbekistan,Meat,Online,C,4/8/2012,451583850,4/25/2012,2551,421.89,364.69,1076241.39,930324.19,145917.2
Sub-Saharan Africa,Uganda,Clothes,Online,M,10/22/2016,445727193,11/15/2016,9436,109.28,35.84,1031166.08,338186.24,692979.84
Australia and Oceania,Papua New Guinea,Snacks,Offline,H,7/21/2017,231528556,8/16/2017,3300,152.58,97.44,503514,321552,181962
Sub-Saharan Africa,Ghana,Personal Care,Offline,C,12/1/2016,298099267,12/18/2016,3052,81.73,56.67,249439.96,172956.84,76483.12
Asia,Thailand,Baby Food,Online,H,8/7/2014,304863154,9/4/2014,4637,255.28,159.42,1183733.36,739230.54,444502.82
Sub-Saharan Africa,Ghana,Clothes,Offline,L,5/8/2011,431556546,5/11/2011,6027,109.28,35.84,658630.56,216007.68,442622.88
Sub-Saharan Africa,Liberia,Household,Online,H,10/13/2012,928228271,11/10/2012,2227,668.27,502.54,1488237.29,1119156.58,369080.71
Middle East and North Africa,Lebanon,Fruits,Online,M,6/5/2010,765239655,7/22/2010,274,9.33,6.92,2556.42,1896.08,660.34
Europe,Italy,Cereal,Online,C,10/21/2015,783264529,12/7/2015,4235,205.7,117.11,871139.5,495960.85,375178.65
Central America and the Caribbean,Jamaica,Personal Care,Offline,C,3/21/2011,543289220,4/14/2011,208,81.73,56.67,16999.84,11787.36,5212.48
Central America and the Caribbean,Dominica,Fruits,Online,C,2/9/2014,576612555,2/25/2014,1324,9.33,6.92,12352.92,9162.08,3190.84
Sub-Saharan Africa,Niger,Cosmetics,Offline,C,9/10/2012,134845864,10/2/2012,2743,437.2,263.33,1199239.6,722314.19,476925.41
Europe,Croatia,Beverages,Offline,H,3/7/2015,339912974,4/7/2015,6658,47.45,31.79,315922.1,211657.82,104264.28
Sub-Saharan Africa,Sudan,Vegetables,Offline,C,9/15/2015,134050214,10/29/2015,7292,154.06,90.93,1123405.52,663061.56,460343.96
Sub-Saharan Africa,The Gambia,Household,Online,C,4/1/2013,329806411,5/21/2013,5901,668.27,502.54,3943461.27,2965488.54,977972.73
Asia,Malaysia,Clothes,Offline,C,6/8/2015,460042893,6/9/2015,5770,109.28,35.84,630545.6,206796.8,423748.8
Europe,Denmark,Household,Offline,C,1/5/2012,127933490,2/14/2012,7217,668.27,502.54,4822904.59,3626831.18,1196073.41
Australia and Oceania,Federated States of Micronesia,Fruits,Offline,C,7/10/2016,356964528,7/31/2016,2591,9.33,6.92,24174.03,17929.72,6244.31
Sub-Saharan Africa,Republic of the Congo,Cosmetics,Offline,L,1/23/2017,440934836,2/28/2017,1271,437.2,263.33,555681.2,334692.43,220988.77
Europe,Cyprus,Cereal,Offline,M,5/14/2010,193955743,6/24/2010,4669,205.7,117.11,960413.3,546786.59,413626.71
Sub-Saharan Africa,Niger,Clothes,Online,H,3/2/2013,400451076,4/2/2013,1227,109.28,35.84,134086.56,43975.68,90110.88
Middle East and North Africa,Saudi Arabia,Meat,Offline,C,12/19/2012,565157163,12/31/2012,1418,421.89,364.69,598240.02,517130.42,81109.6
Sub-Saharan Africa,Sierra Leone,Baby Food,Offline,C,4/9/2017,263122832,5/12/2017,2748,255.28,159.42,701509.44,438086.16,263423.28
Australia and Oceania,Tonga,Office Supplies,Offline,M,12/6/2011,489709413,1/25/2012,4752,651.21,524.96,3094549.92,2494609.92,599940
Middle East and North Africa,Saudi Arabia,Fruits,Offline,H,5/11/2010,510590732,5/22/2010,3999,9.33,6.92,37310.67,27673.08,9637.59
Asia,Uzbekistan,Office Supplies,Online,C,11/24/2011,111753118,12/21/2011,9086,651.21,524.96,5916894.06,4769786.56,1147107.5
Central America and the Caribbean,Honduras,Office Supplies,Online,L,2/28/2013,949495398,4/17/2013,5643,651.21,524.96,3674778.03,2962349.28,712428.75
Europe,Serbia,Baby Food,Online,C,11/2/2011,700428903,12/7/2011,1332,255.28,159.42,340032.96,212347.44,127685.52
Australia and Oceania,Kiribati,Vegetables,Offline,L,6/14/2010,711477458,7/23/2010,845,154.06,90.93,130180.7,76835.85,53344.85
Asia,Malaysia,Cosmetics,Online,C,8/8/2012,149877393,8/31/2012,906,437.2,263.33,396103.2,238576.98,157526.22
Europe,Hungary,Personal Care,Online,H,8/7/2011,953177535,9/16/2011,5269,81.73,56.67,430635.37,298594.23,132041.14
Middle East and North Africa,Libya,Baby Food,Offline,C,12/13/2016,179239213,12/17/2016,9721,255.28,159.42,2481576.88,1549721.82,931855.06
Europe,Finland,Vegetables,Online,L,9/24/2012,356236255,10/15/2012,7079,154.06,90.93,1090590.74,643693.47,446897.27
Europe,Monaco,Baby Food,Offline,C,5/18/2014,932654988,5/24/2014,2192,255.28,159.42,559573.76,349448.64,210125.12
North America,Canada,Household,Offline,H,11/15/2011,527294242,11/30/2011,6939,668.27,502.54,4637125.53,3487125.06,1150000.47
Central America and the Caribbean,Barbados,Household,Offline,M,6/2/2011,979265344,6/19/2011,5231,668.27,502.54,3495720.37,2628786.74,866933.63
Sub-Saharan Africa,Seychelles ,Office Supplies,Online,L,6/30/2016,597992122,7/17/2016,8012,651.21,524.96,5217494.52,4205979.52,1011515
Central America and the Caribbean,Saint Lucia,Cereal,Offline,C,7/4/2016,913210904,8/10/2016,8255,205.7,117.11,1698053.5,966743.05,731310.45
Europe,Switzerland,Baby Food,Offline,H,4/8/2013,824970519,5/11/2013,5964,255.28,159.42,1522489.92,950780.88,571709.04
Australia and Oceania,Papua New Guinea,Cosmetics,Online,M,3/31/2017,653632295,4/29/2017,3176,437.2,263.33,1388547.2,836336.08,552211.12
Sub-Saharan Africa,Uganda,Snacks,Online,H,6/17/2013,789870059,7/21/2013,8958,152.58,97.44,1366811.64,872867.52,493944.12
Asia,Nepal,Household,Offline,C,9/17/2010,344670140,10/7/2010,4409,668.27,502.54,2946402.43,2215698.86,730703.57
Sub-Saharan Africa,Republic of the Congo,Clothes,Offline,L,1/31/2015,299331367,1/31/2015,7658,109.28,35.84,836866.24,274462.72,562403.52
Sub-Saharan Africa,Mozambique,Snacks,Offline,H,1/4/2011,355465066,2/22/2011,8867,152.58,97.44,1352926.86,864000.48,488926.38
Sub-Saharan Africa,South Africa,Clothes,Offline,M,6/25/2010,284995067,7/24/2010,5228,109.28,35.84,571315.84,187371.52,383944.32
Middle East and North Africa,Lebanon,Beverages,Offline,H,6/5/2011,380157697,6/21/2011,5965,47.45,31.79,283039.25,189627.35,93411.9
North America,United States of America,Cosmetics,Online,C,8/9/2016,103501784,9/3/2016,7333,437.2,263.33,3205987.6,1930998.89,1274988.71
North America,Canada,Snacks,Offline,M,9/17/2014,337888658,10/22/2014,7617,152.58,97.44,1162201.86,742200.48,420001.38
Middle East and North Africa,Egypt,Office Supplies,Online,L,6/6/2014,236492145,6/16/2014,2136,651.21,524.96,1390984.56,1121314.56,269670
Europe,Greece,Cosmetics,Online,L,5/14/2010,372798573,6/15/2010,8237,437.2,263.33,3601216.4,2169049.21,1432167.19
Europe,Luxembourg,Office Supplies,Online,H,2/13/2017,490606772,2/28/2017,301,651.21,524.96,196014.21,158012.96,38001.25
Europe,Spain,Vegetables,Online,M,7/1/2012,854028069,8/15/2012,4739,154.06,90.93,730090.34,430917.27,299173.07
Middle East and North Africa,Libya,Baby Food,Offline,M,1/7/2017,897486293,2/12/2017,4993,255.28,159.42,1274613.04,795984.06,478628.98
Australia and Oceania,Tuvalu,Meat,Offline,M,5/25/2014,575717771,6/18/2014,6537,421.89,364.69,2757894.93,2383978.53,373916.4
Sub-Saharan Africa,Democratic Republic of the Congo,Clothes,Online,H,12/4/2015,813771331,1/2/2016,1875,109.28,35.84,204900,67200,137700
Asia,Vietnam,Personal Care,Offline,H,3/28/2011,357008302,5/2/2011,5545,81.73,56.67,453192.85,314235.15,138957.7
Europe,Italy,Snacks,Offline,M,7/15/2017,721102511,7/29/2017,9112,152.58,97.44,1390308.96,887873.28,502435.68
Europe,Slovenia,Cosmetics,Offline,H,3/27/2015,342040288,3/29/2015,6177,437.2,263.33,2700584.4,1626589.41,1073994.99
Sub-Saharan Africa,South Sudan,Vegetables,Offline,C,4/20/2012,426120460,5/13/2012,7368,154.06,90.93,1135114.08,669972.24,465141.84
Sub-Saharan Africa,Senegal,Clothes,Offline,L,3/18/2010,899954354,4/2/2010,5347,109.28,35.84,584320.16,191636.48,392683.68
Asia,Tajikistan,Cereal,Offline,C,4/12/2015,860465800,4/13/2015,9807,205.7,117.11,2017299.9,1148497.77,868802.13
Europe,Albania,Meat,Online,H,3/3/2012,824891126,3/26/2012,2470,421.89,364.69,1042068.3,900784.3,141284
Europe,Austria,Meat,Offline,L,2/13/2013,480779159,2/19/2013,2092,421.89,364.69,882593.88,762931.48,119662.4
Asia,North Korea,Cosmetics,Offline,C,4/15/2016,935991227,5/27/2016,9459,437.2,263.33,4135474.8,2490838.47,1644636.33
Sub-Saharan Africa,Mauritania,Beverages,Online,M,2/6/2017,668701159,2/13/2017,2388,47.45,31.79,113310.6,75914.52,37396.08
Sub-Saharan Africa,Djibouti,Personal Care,Offline,L,1/24/2012,477395284,3/10/2012,728,81.73,56.67,59499.44,41255.76,18243.68
Europe,Greece,Vegetables,Online,H,2/4/2010,330872428,3/13/2010,1359,154.06,90.93,209367.54,123573.87,85793.67
Asia,Turkmenistan,Baby Food,Offline,C,8/11/2013,718243920,9/3/2013,3192,255.28,159.42,814853.76,508868.64,305985.12
Sub-Saharan Africa,Sierra Leone,Personal Care,Online,C,9/23/2014,398933589,11/1/2014,2169,81.73,56.67,177272.37,122917.23,54355.14
Europe,Austria,Household,Online,M,3/18/2014,452677762,4/13/2014,6264,668.27,502.54,4186043.28,3147910.56,1038132.72
Europe,Spain,Cosmetics,Offline,L,2/2/2010,229525268,2/23/2010,482,437.2,263.33,210730.4,126925.06,83805.34
Europe,Sweden,Meat,Online,C,8/12/2016,499837434,8/30/2016,1859,421.89,364.69,784293.51,677958.71,106334.8
Sub-Saharan Africa,Cameroon,Vegetables,Online,M,1/7/2015,304288089,1/9/2015,4462,154.06,90.93,687415.72,405729.66,281686.06
Europe,Estonia,Cereal,Online,M,4/28/2010,103863561,5/22/2010,4391,205.7,117.11,903228.7,514230.01,388998.69
Asia,Sri Lanka,Cosmetics,Online,M,5/23/2012,429862678,6/9/2012,4774,437.2,263.33,2087192.8,1257137.42,830055.38
Central America and the Caribbean,Cuba,Clothes,Online,M,1/6/2017,533896768,2/8/2017,773,109.28,35.84,84473.44,27704.32,56769.12
Sub-Saharan Africa,Cameroon,Vegetables,Online,L,4/6/2017,637889659,4/14/2017,4580,154.06,90.93,705594.8,416459.4,289135.4
Europe,Armenia,Snacks,Online,C,11/2/2014,584077680,12/18/2014,420,152.58,97.44,64083.6,40924.8,23158.8
Central America and the Caribbean,Grenada,Meat,Offline,C,4/17/2016,285009658,5/21/2016,9546,421.89,364.69,4027361.94,3481330.74,546031.2
Sub-Saharan Africa,The Gambia,Cosmetics,Offline,H,2/8/2014,173546922,3/5/2014,5246,437.2,263.33,2293551.2,1381429.18,912122.02
Europe,Albania,Snacks,Online,H,3/6/2013,752863299,3/18/2013,7835,152.58,97.44,1195464.3,763442.4,432021.9
North America,United States of America,Vegetables,Online,L,11/25/2011,346445119,1/14/2012,9664,154.06,90.93,1488835.84,878747.52,610088.32
Europe,Iceland,Meat,Offline,M,7/6/2013,948091208,8/3/2013,112,421.89,364.69,47251.68,40845.28,6406.4
Europe,Norway,Snacks,Offline,L,10/1/2014,571912896,10/5/2014,590,152.58,97.44,90022.2,57489.6,32532.6
Sub-Saharan Africa,Nigeria,Cereal,Online,L,3/15/2017,902334010,4/8/2017,9540,205.7,117.11,1962378,1117229.4,845148.6
Europe,United Kingdom,Clothes,Offline,C,12/11/2015,544090878,1/23/2016,7437,109.28,35.84,812715.36,266542.08,546173.28
Sub-Saharan Africa,Rwanda,Fruits,Online,H,11/28/2010,872232329,12/5/2010,1784,9.33,6.92,16644.72,12345.28,4299.44
Asia,Kyrgyzstan,Baby Food,Online,H,8/30/2010,182119691,9/26/2010,2118,255.28,159.42,540683.04,337651.56,203031.48
Sub-Saharan Africa,Mali,Fruits,Offline,M,6/23/2013,439426791,8/12/2013,5007,9.33,6.92,46715.31,34648.44,12066.87
Central America and the Caribbean,Honduras,Fruits,Offline,L,2/12/2011,530139958,3/18/2011,9049,9.33,6.92,84427.17,62619.08,21808.09
Europe,Lithuania,Cereal,Online,C,5/8/2015,310558021,6/8/2015,9874,205.7,117.11,2031081.8,1156344.14,874737.66
Australia and Oceania,Tuvalu,Snacks,Online,L,4/11/2016,157292306,4/12/2016,5144,152.58,97.44,784871.52,501231.36,283640.16
Central America and the Caribbean,Costa Rica,Personal Care,Offline,H,6/9/2016,517266643,7/27/2016,9549,81.73,56.67,780439.77,541141.83,239297.94
Middle East and North Africa,Somalia,Cereal,Online,C,11/8/2011,557717359,12/9/2011,9815,205.7,117.11,2018945.5,1149434.65,869510.85
Europe,San Marino,Fruits,Online,C,12/22/2010,416193282,12/27/2010,9696,9.33,6.92,90463.68,67096.32,23367.36
Central America and the Caribbean,Trinidad and Tobago,Household,Online,H,9/29/2015,750555741,11/4/2015,4978,668.27,502.54,3326648.06,2501644.12,825003.94
North America,United States of America,Fruits,Online,C,3/26/2010,488978564,4/21/2010,8478,9.33,6.92,79099.74,58667.76,20431.98
Sub-Saharan Africa,Madagascar,Office Supplies,Online,L,6/11/2017,879948079,7/23/2017,5046,651.21,524.96,3286005.66,2648948.16,637057.5
Europe,Poland,Snacks,Online,C,3/22/2012,542263114,5/1/2012,6561,152.58,97.44,1001077.38,639303.84,361773.54
Europe,Portugal,Household,Offline,C,12/2/2015,415034997,1/9/2016,6933,668.27,502.54,4633115.91,3484109.82,1149006.09
Asia,Turkmenistan,Personal Care,Offline,C,11/11/2016,607687556,12/23/2016,7107,81.73,56.67,580855.11,402753.69,178101.42
Sub-Saharan Africa,Cape Verde,Personal Care,Online,H,1/12/2012,849957120,2/4/2012,55,81.73,56.67,4495.15,3116.85,1378.3
Sub-Saharan Africa,Gabon,Cereal,Online,M,10/24/2010,941892516,12/3/2010,5781,205.7,117.11,1189151.7,677012.91,512138.79
Sub-Saharan Africa,Mali,Cereal,Offline,M,2/6/2016,303855073,2/19/2016,6323,205.7,117.11,1300641.1,740486.53,560154.57
Sub-Saharan Africa,Eritrea,Household,Offline,M,11/28/2012,226518619,12/2/2012,748,668.27,502.54,499865.96,375899.92,123966.04
Europe,Estonia,Clothes,Online,H,1/19/2010,720869481,2/22/2010,154,109.28,35.84,16829.12,5519.36,11309.76
Sub-Saharan Africa,Guinea,Fruits,Online,C,8/8/2013,968206489,8/23/2013,2671,9.33,6.92,24920.43,18483.32,6437.11
Asia,Philippines,Baby Food,Online,M,7/27/2015,670140969,8/19/2015,8460,255.28,159.42,2159668.8,1348693.2,810975.6
Sub-Saharan Africa,Guinea-Bissau,Clothes,Online,C,10/20/2012,498596751,11/9/2012,4713,109.28,35.84,515036.64,168913.92,346122.72
Asia,Uzbekistan,Cereal,Online,L,10/17/2010,745810163,11/18/2010,656,205.7,117.11,134939.2,76824.16,58115.04
Australia and Oceania,Australia,Household,Offline,L,4/24/2012,874330031,5/17/2012,2541,668.27,502.54,1698074.07,1276954.14,421119.93
Sub-Saharan Africa,Ethiopia,Snacks,Offline,H,8/15/2013,867017686,9/7/2013,8655,152.58,97.44,1320579.9,843343.2,477236.7
Central America and the Caribbean,Saint Kitts and Nevis ,Cosmetics,Online,L,10/31/2015,777046954,12/17/2015,4316,437.2,263.33,1886955.2,1136532.28,750422.92
Europe,Slovenia,Snacks,Offline,C,7/20/2013,277904164,8/13/2013,6873,152.58,97.44,1048682.34,669705.12,378977.22
Central America and the Caribbean,Grenada,Vegetables,Offline,L,10/21/2013,913388144,11/12/2013,704,154.06,90.93,108458.24,64014.72,44443.52
Middle East and North Africa,Bahrain,Household,Online,M,2/12/2017,247610223,3/6/2017,2222,668.27,502.54,1484895.94,1116643.88,368252.06
Sub-Saharan Africa,Eritrea,Baby Food,Offline,L,9/19/2013,414994227,11/2/2013,4869,255.28,159.42,1242958.32,776215.98,466742.34
Sub-Saharan Africa,Mauritania,Fruits,Online,C,1/14/2010,470276486,2/1/2010,4118,9.33,6.92,38420.94,28496.56,9924.38
Middle East and North Africa,Qatar,Personal Care,Offline,H,5/15/2017,438505828,6/2/2017,2474,81.73,56.67,202200.02,140201.58,61998.44
Sub-Saharan Africa,Eritrea,Household,Online,L,3/16/2010,865043580,4/12/2010,4473,668.27,502.54,2989171.71,2247861.42,741310.29
Europe,Slovakia,Meat,Offline,H,4/27/2013,565563571,5/13/2013,1684,421.89,364.69,710462.76,614137.96,96324.8
Europe,Sweden,Personal Care,Offline,L,9/10/2014,676052129,10/3/2014,7703,81.73,56.67,629566.19,436529.01,193037.18
Middle East and North Africa,Lebanon,Household,Offline,C,9/22/2014,602808082,10/13/2014,3162,668.27,502.54,2113069.74,1589031.48,524038.26
Sub-Saharan Africa,Togo,Fruits,Online,H,11/21/2014,272442758,1/6/2015,721,9.33,6.92,6726.93,4989.32,1737.61
Europe,Austria,Beverages,Online,H,12/5/2013,581879985,12/30/2013,73,47.45,31.79,3463.85,2320.67,1143.18
Australia and Oceania,Samoa ,Beverages,Offline,C,8/28/2011,248356091,10/14/2011,2941,47.45,31.79,139550.45,93494.39,46056.06
Australia and Oceania,Fiji,Clothes,Online,H,9/25/2012,759419906,11/1/2012,8081,109.28,35.84,883091.68,289623.04,593468.64
Asia,Indonesia,Meat,Offline,C,4/26/2015,522932755,6/2/2015,6278,421.89,364.69,2648625.42,2289523.82,359101.6
North America,United States of America,Office Supplies,Online,M,11/2/2014,717068469,11/28/2014,5350,651.21,524.96,3483973.5,2808536,675437.5
Central America and the Caribbean,Nicaragua,Personal Care,Offline,H,5/15/2015,340313374,6/29/2015,5145,81.73,56.67,420500.85,291567.15,128933.7
Sub-Saharan Africa,Mauritius ,Cereal,Online,L,9/7/2010,261466300,10/2/2010,2543,205.7,117.11,523095.1,297810.73,225284.37
Central America and the Caribbean,Antigua and Barbuda ,Household,Offline,H,10/10/2010,969638574,10/18/2010,6456,668.27,502.54,4314351.12,3244398.24,1069952.88
Sub-Saharan Africa,Benin,Vegetables,Online,C,5/2/2015,324254024,5/29/2015,2826,154.06,90.93,435373.56,256968.18,178405.38
Sub-Saharan Africa,South Africa,Clothes,Offline,H,7/17/2017,305048978,8/14/2017,9626,109.28,35.84,1051929.28,344995.84,706933.44
Europe,Albania,Snacks,Offline,L,6/10/2015,262072265,7/22/2015,1862,152.58,97.44,284103.96,181433.28,102670.68
Sub-Saharan Africa,South Africa,Beverages,Offline,L,9/14/2015,965685212,10/1/2015,6569,47.45,31.79,311699.05,208828.51,102870.54
Asia,South Korea,Clothes,Offline,H,9/15/2014,556561648,10/22/2014,7815,109.28,35.84,854023.2,280089.6,573933.6
Asia,Sri Lanka,Clothes,Online,H,6/21/2017,395687901,6/22/2017,1698,109.28,35.84,185557.44,60856.32,124701.12
Sub-Saharan Africa,Central African Republic,Fruits,Offline,H,2/23/2011,114362800,4/11/2011,1349,9.33,6.92,12586.17,9335.08,3251.09
Europe,Italy,Personal Care,Offline,M,3/29/2014,764197671,4/19/2014,1928,81.73,56.67,157575.44,109259.76,48315.68
Asia,Thailand,Baby Food,Online,L,3/31/2012,767116343,4/13/2012,5628,255.28,159.42,1436715.84,897215.76,539500.08
Sub-Saharan Africa,Gabon,Personal Care,Offline,C,6/11/2014,865355145,7/6/2014,6673,81.73,56.67,545384.29,378158.91,167225.38
Europe,Sweden,Personal Care,Online,H,3/28/2012,971462905,5/13/2012,6316,81.73,56.67,516206.68,357927.72,158278.96
Europe,Switzerland,Clothes,Offline,L,4/3/2013,618300950,5/1/2013,7846,109.28,35.84,857410.88,281200.64,576210.24
Europe,Albania,Fruits,Online,C,10/26/2014,309043109,11/8/2014,1578,9.33,6.92,14722.74,10919.76,3802.98
Middle East and North Africa,Lebanon,Household,Online,L,4/28/2015,167175710,5/3/2015,9862,668.27,502.54,6590478.74,4956049.48,1634429.26
Asia,Philippines,Baby Food,Online,L,6/7/2010,386497581,7/25/2010,2078,255.28,159.42,530471.84,331274.76,199197.08
Central America and the Caribbean,Saint Kitts and Nevis ,Clothes,Offline,H,1/13/2012,781120049,2/29/2012,9636,109.28,35.84,1053022.08,345354.24,707667.84
Sub-Saharan Africa,Zambia,Household,Online,L,2/19/2014,335466945,4/5/2014,979,668.27,502.54,654236.33,491986.66,162249.67
Sub-Saharan Africa,South Africa,Cereal,Offline,H,10/28/2011,354274594,10/28/2011,6580,205.7,117.11,1353506,770583.8,582922.2
Sub-Saharan Africa,Sudan,Clothes,Offline,C,8/4/2012,412591826,8/15/2012,3945,109.28,35.84,431109.6,141388.8,289720.8
Middle East and North Africa,Jordan,Clothes,Online,M,6/10/2017,605779969,7/13/2017,2610,109.28,35.84,285220.8,93542.4,191678.4
Europe,Montenegro,Meat,Online,C,1/25/2017,199512851,2/10/2017,9141,421.89,364.69,3856496.49,3333631.29,522865.2
Middle East and North Africa,Azerbaijan,Cosmetics,Offline,C,10/24/2010,779776799,11/12/2010,2138,437.2,263.33,934733.6,562999.54,371734.06
Middle East and North Africa,United Arab Emirates,Baby Food,Online,L,6/8/2010,402870643,7/21/2010,7231,255.28,159.42,1845929.68,1152766.02,693163.66
Central America and the Caribbean,Belize,Beverages,Online,C,8/14/2013,345405709,10/1/2013,2080,47.45,31.79,98696,66123.2,32572.8
Europe,Albania,Baby Food,Online,C,4/29/2015,154305827,6/3/2015,1378,255.28,159.42,351775.84,219680.76,132095.08
Europe,Russia,Cereal,Online,M,7/30/2011,796807324,8/17/2011,1849,205.7,117.11,380339.3,216536.39,163802.91
Central America and the Caribbean,Saint Vincent and the Grenadines,Cereal,Offline,C,10/28/2010,610459029,12/17/2010,7247,205.7,117.11,1490707.9,848696.17,642011.73
Middle East and North Africa,Iran,Personal Care,Offline,H,1/3/2015,253122270,2/18/2015,3359,81.73,56.67,274531.07,190354.53,84176.54
Sub-Saharan Africa,Mauritania,Office Supplies,Offline,M,10/10/2015,452970874,10/18/2015,3002,651.21,524.96,1954932.42,1575929.92,379002.5
Middle East and North Africa,Pakistan,Cereal,Online,H,5/30/2013,658491170,6/4/2013,1025,205.7,117.11,210842.5,120037.75,90804.75
Europe,Netherlands,Cereal,Online,H,1/18/2013,388481986,3/1/2013,9307,205.7,117.11,1914449.9,1089942.77,824507.13
Europe,Macedonia,Beverages,Offline,L,4/27/2013,582054650,6/2/2013,1760,47.45,31.79,83512,55950.4,27561.6
Europe,Romania,Beverages,Offline,L,2/17/2010,448632991,4/3/2010,9326,47.45,31.79,442518.7,296473.54,146045.16
Sub-Saharan Africa,Mauritania,Fruits,Online,L,8/7/2015,617953336,9/15/2015,4979,9.33,6.92,46454.07,34454.68,11999.39
Asia,South Korea,Vegetables,Offline,C,5/26/2016,890064513,6/20/2016,8724,154.06,90.93,1344019.44,793273.32,550746.12
Sub-Saharan Africa,Chad,Cereal,Online,C,6/4/2015,685327851,7/1/2015,2596,205.7,117.11,533997.2,304017.56,229979.64
Central America and the Caribbean,Saint Kitts and Nevis ,Household,Offline,L,10/31/2012,394417178,11/2/2012,5663,668.27,502.54,3784413.01,2845884.02,938528.99
Central America and the Caribbean,Saint Lucia,Baby Food,Online,L,6/8/2017,928318822,7/4/2017,9024,255.28,159.42,2303646.72,1438606.08,865040.64
Sub-Saharan Africa,Tanzania,Baby Food,Online,M,8/5/2012,568331611,8/13/2012,808,255.28,159.42,206266.24,128811.36,77454.88
Europe,Montenegro,Office Supplies,Online,C,1/11/2013,816066873,2/5/2013,1177,651.21,524.96,766474.17,617877.92,148596.25
Sub-Saharan Africa,Equatorial Guinea,Baby Food,Offline,M,8/6/2015,543448436,9/14/2015,7324,255.28,159.42,1869670.72,1167592.08,702078.64
Asia,Turkmenistan,Office Supplies,Online,M,8/20/2010,942712628,9/14/2010,8471,651.21,524.96,5516399.91,4446936.16,1069463.75
Europe,Germany,Fruits,Offline,L,1/25/2016,576408278,3/15/2016,874,9.33,6.92,8154.42,6048.08,2106.34
Asia,India,Baby Food,Offline,M,1/2/2013,327396714,2/11/2013,2818,255.28,159.42,719379.04,449245.56,270133.48
Middle East and North Africa,Egypt,Cereal,Online,C,2/19/2010,248851764,3/2/2010,9622,205.7,117.11,1979245.4,1126832.42,852412.98
Sub-Saharan Africa,Burundi,Clothes,Online,L,3/17/2017,914259755,5/1/2017,8633,109.28,35.84,943414.24,309406.72,634007.52
Sub-Saharan Africa,Senegal,Office Supplies,Online,L,12/18/2010,267419517,12/24/2010,4232,651.21,524.96,2755920.72,2221630.72,534290
Sub-Saharan Africa,Sudan,Cosmetics,Offline,M,8/22/2014,372442376,9/19/2014,2830,437.2,263.33,1237276,745223.9,492052.1
Europe,Finland,Cereal,Offline,M,11/21/2010,663752162,12/19/2010,7870,205.7,117.11,1618859,921655.7,697203.3
Sub-Saharan Africa,Cape Verde,Fruits,Online,C,9/22/2013,196085202,11/2/2013,4824,9.33,6.92,45007.92,33382.08,11625.84
Sub-Saharan Africa,Madagascar,Household,Online,M,9/20/2011,794490325,10/26/2011,6197,668.27,502.54,4141269.19,3114240.38,1027028.81
Europe,Lithuania,Baby Food,Online,M,3/22/2017,304328858,5/8/2017,6527,255.28,159.42,1666212.56,1040534.34,625678.22
Central America and the Caribbean,Trinidad and Tobago,Vegetables,Online,M,2/23/2017,241274631,4/12/2017,7380,154.06,90.93,1136962.8,671063.4,465899.4
Central America and the Caribbean,Costa Rica,Cereal,Online,M,8/16/2014,841313970,9/7/2014,2354,205.7,117.11,484217.8,275676.94,208540.86
Central America and the Caribbean,Dominican Republic,Cosmetics,Online,H,1/18/2010,610745704,3/5/2010,2081,437.2,263.33,909813.2,547989.73,361823.47
Asia,Bangladesh,Beverages,Online,H,6/20/2012,376181161,6/25/2012,9220,47.45,31.79,437489,293103.8,144385.2
Europe,United Kingdom,Beverages,Online,M,1/20/2013,134544169,2/15/2013,3464,47.45,31.79,164366.8,110120.56,54246.24
Sub-Saharan Africa,Equatorial Guinea,Personal Care,Offline,H,8/14/2011,403071057,9/30/2011,6538,81.73,56.67,534350.74,370508.46,163842.28
Central America and the Caribbean,Panama,Cosmetics,Offline,C,10/26/2012,869310653,12/10/2012,7195,437.2,263.33,3145654,1894659.35,1250994.65
Asia,Maldives,Baby Food,Online,M,10/26/2014,841124284,11/5/2014,6222,255.28,159.42,1588352.16,991911.24,596440.92
Europe,Finland,Cosmetics,Online,M,1/16/2013,596685779,2/8/2013,1436,437.2,263.33,627819.2,378141.88,249677.32
Central America and the Caribbean,Cuba,Snacks,Online,H,7/28/2011,934481465,8/19/2011,2687,152.58,97.44,409982.46,261821.28,148161.18
Europe,Estonia,Beverages,Online,M,9/30/2011,923310172,11/10/2011,6853,47.45,31.79,325174.85,217856.87,107317.98
Asia,Kazakhstan,Office Supplies,Online,L,12/27/2015,152283227,1/17/2016,2846,651.21,524.96,1853343.66,1494036.16,359307.5
North America,Canada,Fruits,Online,M,5/29/2016,980824458,7/13/2016,6608,9.33,6.92,61652.64,45727.36,15925.28
Europe,Ukraine,Cereal,Offline,L,10/10/2013,888670194,10/16/2013,6113,205.7,117.11,1257444.1,715893.43,541550.67
Asia,Singapore,Household,Online,C,9/10/2013,125869262,10/21/2013,6366,668.27,502.54,4254206.82,3199169.64,1055037.18
Europe,Belgium,Personal Care,Offline,L,4/6/2015,362782990,5/20/2015,4404,81.73,56.67,359938.92,249574.68,110364.24
Europe,Slovakia,Office Supplies,Online,H,11/12/2014,640085208,1/1/2015,4292,651.21,524.96,2794993.32,2253128.32,541865
Australia and Oceania,Federated States of Micronesia,Personal Care,Offline,H,7/9/2017,518762242,7/16/2017,2130,81.73,56.67,174084.9,120707.1,53377.8
Europe,Georgia,Personal Care,Online,H,5/17/2010,530112922,5/20/2010,1049,81.73,56.67,85734.77,59446.83,26287.94
Middle East and North Africa,Turkey,Meat,Offline,L,12/9/2011,825748574,1/15/2012,6208,421.89,364.69,2619093.12,2263995.52,355097.6
Central America and the Caribbean,Jamaica,Snacks,Offline,H,4/11/2015,727593028,5/28/2015,9801,152.58,97.44,1495436.58,955009.44,540427.14
Europe,Armenia,Meat,Offline,M,7/9/2014,977882611,8/11/2014,6050,421.89,364.69,2552434.5,2206374.5,346060
Europe,Russia,Snacks,Offline,L,3/24/2016,589166152,4/29/2016,6212,152.58,97.44,947826.96,605297.28,342529.68
Europe,Cyprus,Meat,Online,M,11/15/2012,894304978,11/23/2012,3571,421.89,364.69,1506569.19,1302307.99,204261.2
Europe,Estonia,Clothes,Offline,C,12/6/2016,596472918,1/17/2017,8446,109.28,35.84,922978.88,302704.64,620274.24
Australia and Oceania,East Timor,Cosmetics,Offline,C,8/23/2011,719156301,10/2/2011,3185,437.2,263.33,1392482,838706.05,553775.95
Sub-Saharan Africa,Sudan,Household,Offline,H,5/26/2015,556153953,7/12/2015,7168,668.27,502.54,4790159.36,3602206.72,1187952.64
Sub-Saharan Africa,Tanzania,Snacks,Offline,H,5/12/2017,821577203,5/28/2017,1806,152.58,97.44,275559.48,175976.64,99582.84
Asia,Japan,Office Supplies,Online,C,7/19/2011,499849879,9/1/2011,5542,651.21,524.96,3609005.82,2909328.32,699677.5
Europe,Armenia,Household,Offline,C,9/30/2015,895708310,11/7/2015,8848,668.27,502.54,5912852.96,4446473.92,1466379.04
Australia and Oceania,Solomon Islands,Office Supplies,Offline,C,10/1/2014,684201323,11/12/2014,9231,651.21,524.96,6011319.51,4845905.76,1165413.75
Europe,Italy,Household,Online,C,2/13/2017,860690248,3/2/2017,6226,668.27,502.54,4160649.02,3128814.04,1031834.98
Asia,Uzbekistan,Beverages,Offline,C,7/23/2013,690848910,8/2/2013,6400,47.45,31.79,303680,203456,100224
Sub-Saharan Africa,The Gambia,Vegetables,Online,H,12/24/2010,860663640,1/25/2011,8352,154.06,90.93,1286709.12,759447.36,527261.76
Middle East and North Africa,Iraq,Cereal,Online,L,7/27/2013,326433265,8/28/2013,7712,205.7,117.11,1586358.4,903152.32,683206.08
Middle East and North Africa,Lebanon,Cosmetics,Online,M,6/9/2011,364769113,6/29/2011,2141,437.2,263.33,936045.2,563789.53,372255.67
Asia,Indonesia,Household,Online,C,9/8/2014,522595012,10/28/2014,6332,668.27,502.54,4231485.64,3182083.28,1049402.36
Sub-Saharan Africa,Guinea,Vegetables,Offline,H,10/10/2011,867147290,11/12/2011,7008,154.06,90.93,1079652.48,637237.44,442415.04
Sub-Saharan Africa,Sudan,Cereal,Online,M,2/23/2011,635974776,3/17/2011,7924,205.7,117.11,1629966.8,927979.64,701987.16
Sub-Saharan Africa,Gabon,Household,Online,H,9/30/2014,486938798,11/2/2014,4866,668.27,502.54,3251801.82,2445359.64,806442.18
Asia,Vietnam,Clothes,Offline,M,3/21/2014,248213183,4/9/2014,652,109.28,35.84,71250.56,23367.68,47882.88
Sub-Saharan Africa,Comoros,Snacks,Offline,L,6/4/2017,268284261,7/21/2017,129,152.58,97.44,19682.82,12569.76,7113.06
Europe,Slovenia,Personal Care,Offline,M,5/7/2014,965950858,5/29/2014,5179,81.73,56.67,423279.67,293493.93,129785.74
Europe,Monaco,Vegetables,Offline,C,3/13/2011,580324304,3/26/2011,9712,154.06,90.93,1496230.72,883112.16,613118.56
Sub-Saharan Africa,Seychelles ,Office Supplies,Online,C,6/12/2011,120828425,7/8/2011,4671,651.21,524.96,3041801.91,2452088.16,589713.75
Australia and Oceania,Tuvalu,Cosmetics,Offline,L,1/26/2012,217199552,2/27/2012,3029,437.2,263.33,1324278.8,797626.57,526652.23
Europe,Malta,Clothes,Online,L,11/21/2014,669486510,12/30/2014,4791,109.28,35.84,523560.48,171709.44,351851.04
Sub-Saharan Africa,Benin,Vegetables,Offline,L,3/22/2015,898050630,4/9/2015,1993,154.06,90.93,307041.58,181223.49,125818.09
Central America and the Caribbean,Grenada,Beverages,Offline,M,3/25/2013,393565738,4/23/2013,3703,47.45,31.79,175707.35,117718.37,57988.98
Asia,Cambodia,Office Supplies,Online,M,2/23/2010,967018163,4/11/2010,1018,651.21,524.96,662931.78,534409.28,128522.5
Asia,Maldives,Beverages,Online,H,1/22/2012,899706733,2/21/2012,2071,47.45,31.79,98268.95,65837.09,32431.86
Sub-Saharan Africa,Nigeria,Beverages,Offline,L,12/18/2010,793242776,12/23/2010,7020,47.45,31.79,333099,223165.8,109933.2
Sub-Saharan Africa,Guinea,Office Supplies,Online,M,4/16/2011,419550120,5/22/2011,3059,651.21,524.96,1992051.39,1605852.64,386198.75
Middle East and North Africa,Kuwait,Beverages,Offline,L,12/14/2010,970865094,1/31/2011,9411,47.45,31.79,446551.95,299175.69,147376.26
Sub-Saharan Africa,Senegal,Cosmetics,Online,C,9/20/2012,109736526,9/24/2012,2331,437.2,263.33,1019113.2,613822.23,405290.97
Europe,Iceland,Vegetables,Offline,L,11/11/2012,519025743,12/15/2012,106,154.06,90.93,16330.36,9638.58,6691.78
Sub-Saharan Africa,Ghana,Fruits,Offline,L,6/26/2012,451906573,6/30/2012,8052,9.33,6.92,75125.16,55719.84,19405.32
Australia and Oceania,Fiji,Snacks,Offline,M,10/7/2013,481865346,11/19/2013,3519,152.58,97.44,536929.02,342891.36,194037.66
Middle East and North Africa,Iran,Clothes,Online,C,3/2/2016,352700889,3/20/2016,886,109.28,35.84,96822.08,31754.24,65067.84
Sub-Saharan Africa,Botswana,Snacks,Offline,H,8/19/2012,328524529,8/30/2012,6564,152.58,97.44,1001535.12,639596.16,361938.96
Asia,Bangladesh,Office Supplies,Online,H,2/9/2016,743760097,3/22/2016,3995,651.21,524.96,2601583.95,2097215.2,504368.75
Central America and the Caribbean,Panama,Office Supplies,Offline,H,4/25/2010,653143918,6/5/2010,8655,651.21,524.96,5636222.55,4543528.8,1092693.75
Europe,Moldova ,Beverages,Offline,H,2/10/2014,981724822,3/13/2014,3046,47.45,31.79,144532.7,96832.34,47700.36
Asia,Turkmenistan,Personal Care,Online,M,2/19/2017,474864137,4/5/2017,1705,81.73,56.67,139349.65,96622.35,42727.3
Sub-Saharan Africa,Sudan,Vegetables,Offline,H,11/16/2013,648235690,11/22/2013,6201,154.06,90.93,955326.06,563856.93,391469.13
Sub-Saharan Africa,Comoros,Snacks,Offline,M,1/10/2015,837825810,3/1/2015,131,152.58,97.44,19987.98,12764.64,7223.34
Asia,Indonesia,Snacks,Online,C,6/2/2013,449933326,7/22/2013,4124,152.58,97.44,629239.92,401842.56,227397.36
Middle East and North Africa,Egypt,Clothes,Offline,H,7/10/2010,311169564,8/22/2010,844,109.28,35.84,92232.32,30248.96,61983.36
Sub-Saharan Africa,Mauritius ,Cosmetics,Online,M,8/26/2012,418458354,8/31/2012,9981,437.2,263.33,4363693.2,2628296.73,1735396.47
Central America and the Caribbean,Barbados,Office Supplies,Online,M,1/19/2012,389036023,2/14/2012,3259,651.21,524.96,2122293.39,1710844.64,411448.75
Europe,Latvia,Snacks,Offline,C,5/19/2013,810451400,6/20/2013,9434,152.58,97.44,1439439.72,919248.96,520190.76
Middle East and North Africa,Jordan,Household,Online,H,10/17/2014,990565812,10/29/2014,9291,668.27,502.54,6208896.57,4669099.14,1539797.43
Middle East and North Africa,Libya,Cereal,Online,C,9/23/2011,307553088,11/10/2011,648,205.7,117.11,133293.6,75887.28,57406.32
Central America and the Caribbean,Grenada,Cosmetics,Offline,M,10/27/2015,459899556,11/24/2015,3354,437.2,263.33,1466368.8,883208.82,583159.98
Sub-Saharan Africa,Zimbabwe,Cereal,Online,M,4/13/2013,516404044,5/18/2013,4287,205.7,117.11,881835.9,502050.57,379785.33
Central America and the Caribbean,El Salvador,Office Supplies,Online,M,2/5/2014,966177880,2/17/2014,2360,651.21,524.96,1536855.6,1238905.6,297950
Europe,Portugal,Office Supplies,Offline,H,5/22/2010,568644893,7/1/2010,3515,651.21,524.96,2289003.15,1845234.4,443768.75
Middle East and North Africa,Pakistan,Meat,Online,H,6/25/2010,403541409,7/9/2010,5726,421.89,364.69,2415742.14,2088214.94,327527.2
Asia,Bhutan,Household,Offline,M,6/1/2012,720916259,6/19/2012,3996,668.27,502.54,2670406.92,2008149.84,662257.08
Sub-Saharan Africa,Liberia,Office Supplies,Online,H,4/19/2015,491130769,6/7/2015,5363,651.21,524.96,3492439.23,2815360.48,677078.75
Australia and Oceania,Solomon Islands,Fruits,Offline,L,7/2/2015,554858767,8/12/2015,3894,9.33,6.92,36331.02,26946.48,9384.54
Sub-Saharan Africa,Sao Tome and Principe,Personal Care,Offline,L,6/21/2010,473086583,8/2/2010,5688,81.73,56.67,464880.24,322338.96,142541.28
Asia,Laos,Baby Food,Offline,L,1/28/2010,777113044,3/8/2010,3874,255.28,159.42,988954.72,617593.08,371361.64
Middle East and North Africa,Jordan,Household,Online,H,2/9/2010,718549478,3/13/2010,3613,668.27,502.54,2414459.51,1815677.02,598782.49
Middle East and North Africa,Iraq,Snacks,Offline,L,3/17/2011,519319713,3/24/2011,7098,152.58,97.44,1083012.84,691629.12,391383.72
Sub-Saharan Africa,South Africa,Household,Offline,H,1/27/2015,921660077,2/15/2015,8553,668.27,502.54,5715713.31,4298224.62,1417488.69
Europe,Sweden,Fruits,Online,L,2/13/2013,938119399,2/17/2013,9232,9.33,6.92,86134.56,63885.44,22249.12
Middle East and North Africa,Kuwait,Meat,Online,M,12/19/2012,101559007,1/5/2013,2422,421.89,364.69,1021817.58,883279.18,138538.4
Europe,Portugal,Meat,Online,H,12/11/2011,715152728,1/29/2012,8439,421.89,364.69,3560329.71,3077618.91,482710.8
Sub-Saharan Africa,Comoros,Snacks,Offline,M,1/5/2016,202386891,1/7/2016,9633,152.58,97.44,1469803.14,938639.52,531163.62
Sub-Saharan Africa,Cote d'Ivoire,Personal Care,Online,H,4/7/2013,557060325,4/30/2013,5384,81.73,56.67,440034.32,305111.28,134923.04
Middle East and North Africa,Morocco,Cosmetics,Offline,M,8/5/2015,693284356,8/19/2015,7102,437.2,263.33,3104994.4,1870169.66,1234824.74
Middle East and North Africa,Qatar,Vegetables,Online,M,1/1/2017,495482814,1/22/2017,3230,154.06,90.93,497613.8,293703.9,203909.9
Sub-Saharan Africa,The Gambia,Meat,Offline,L,7/28/2012,368392026,7/29/2012,4242,421.89,364.69,1789657.38,1547014.98,242642.4
Middle East and North Africa,Afghanistan,Fruits,Online,H,5/19/2017,787060821,5/20/2017,7642,9.33,6.92,71299.86,52882.64,18417.22
Central America and the Caribbean,Saint Lucia,Clothes,Offline,L,4/10/2017,946850526,5/10/2017,2967,109.28,35.84,324233.76,106337.28,217896.48
Sub-Saharan Africa,Tanzania,Personal Care,Offline,H,7/11/2010,113434970,8/14/2010,6783,81.73,56.67,554374.59,384392.61,169981.98
Europe,Moldova ,Household,Online,C,8/15/2011,772800481,9/7/2011,7690,668.27,502.54,5138996.3,3864532.6,1274463.7
Middle East and North Africa,Azerbaijan,Office Supplies,Online,C,3/5/2017,981245887,4/23/2017,1318,651.21,524.96,858294.78,691897.28,166397.5
Sub-Saharan Africa,Uganda,Household,Offline,M,4/19/2017,215382516,5/11/2017,5328,668.27,502.54,3560542.56,2677533.12,883009.44
Sub-Saharan Africa,Seychelles ,Meat,Offline,M,7/10/2014,722134196,8/22/2014,4411,421.89,364.69,1860956.79,1608647.59,252309.2
Asia,Thailand,Clothes,Online,H,6/11/2012,768737256,7/7/2012,5292,109.28,35.84,578309.76,189665.28,388644.48
Middle East and North Africa,Iraq,Vegetables,Offline,H,12/11/2011,492740523,1/3/2012,1725,154.06,90.93,265753.5,156854.25,108899.25
Europe,Kosovo,Beverages,Offline,L,12/16/2014,552005326,2/3/2015,9498,47.45,31.79,450680.1,301941.42,148738.68
North America,Canada,Fruits,Online,M,2/19/2013,774705493,2/26/2013,1426,9.33,6.92,13304.58,9867.92,3436.66
Middle East and North Africa,Turkey,Snacks,Offline,M,5/3/2014,609327352,5/19/2014,2359,152.58,97.44,359936.22,229860.96,130075.26
Central America and the Caribbean,Guatemala,Fruits,Offline,H,2/14/2016,474669730,3/16/2016,4176,9.33,6.92,38962.08,28897.92,10064.16
Europe,United Kingdom,Beverages,Offline,M,2/12/2017,409843957,3/2/2017,789,47.45,31.79,37438.05,25082.31,12355.74
Europe,Cyprus,Cosmetics,Online,H,3/26/2013,524273860,5/1/2013,3141,437.2,263.33,1373245.2,827119.53,546125.67
Middle East and North Africa,Qatar,Fruits,Online,C,8/1/2016,547695767,8/4/2016,4203,9.33,6.92,39213.99,29084.76,10129.23
Sub-Saharan Africa,Sao Tome and Principe,Office Supplies,Online,L,11/7/2013,280158507,12/7/2013,3983,651.21,524.96,2593769.43,2090915.68,502853.75
Sub-Saharan Africa,Cameroon,Clothes,Online,C,6/29/2015,942023408,8/5/2015,4515,109.28,35.84,493399.2,161817.6,331581.6
Central America and the Caribbean,Nicaragua,Vegetables,Offline,L,2/6/2014,223964297,3/12/2014,4867,154.06,90.93,749810.02,442556.31,307253.71
Europe,Netherlands,Cereal,Online,M,11/28/2010,836967504,1/12/2011,6138,205.7,117.11,1262586.6,718821.18,543765.42
Europe,Cyprus,Baby Food,Online,H,12/31/2011,162331855,1/30/2012,6458,255.28,159.42,1648598.24,1029534.36,619063.88
Europe,Bosnia and Herzegovina,Household,Online,C,12/11/2016,601668679,12/25/2016,5987,668.27,502.54,4000932.49,3008706.98,992225.51
Sub-Saharan Africa,Seychelles ,Cereal,Online,L,1/11/2015,126901805,1/22/2015,1919,205.7,117.11,394738.3,224734.09,170004.21
Europe,Cyprus,Household,Offline,C,9/28/2011,830267560,11/15/2011,3476,668.27,502.54,2322906.52,1746829.04,576077.48
Europe,Macedonia,Cosmetics,Offline,M,6/3/2017,374314773,7/10/2017,6914,437.2,263.33,3022800.8,1820663.62,1202137.18
Sub-Saharan Africa,Kenya,Beverages,Online,M,3/11/2013,541904771,3/18/2013,519,47.45,31.79,24626.55,16499.01,8127.54
Europe,Malta,Meat,Offline,L,4/23/2015,486211383,5/18/2015,9608,421.89,364.69,4053519.12,3503941.52,549577.6
Middle East and North Africa,Tunisia ,Cosmetics,Offline,L,10/19/2010,780720937,11/8/2010,1529,437.2,263.33,668478.8,402631.57,265847.23
Central America and the Caribbean,Antigua and Barbuda ,Cosmetics,Offline,M,4/9/2014,269232261,4/18/2014,664,437.2,263.33,290300.8,174851.12,115449.68
Europe,Ukraine,Clothes,Offline,C,2/6/2011,115856683,3/1/2011,3422,109.28,35.84,373956.16,122644.48,251311.68
Sub-Saharan Africa,Cote d'Ivoire,Beverages,Offline,M,3/24/2014,655018031,4/26/2014,3246,47.45,31.79,154022.7,103190.34,50832.36
Central America and the Caribbean,Saint Lucia,Snacks,Offline,L,12/13/2014,941452634,1/1/2015,5610,152.58,97.44,855973.8,546638.4,309335.4
Asia,Thailand,Vegetables,Online,H,12/23/2016,100209319,12/27/2016,3019,154.06,90.93,465107.14,274517.67,190589.47
Australia and Oceania,Australia,Fruits,Online,C,7/11/2017,476649415,8/1/2017,9,9.33,6.92,83.97,62.28,21.69
Middle East and North Africa,Iran,Personal Care,Online,C,1/29/2011,886446750,3/13/2011,8147,81.73,56.67,665854.31,461690.49,204163.82
Sub-Saharan Africa,Zambia,Snacks,Offline,C,11/27/2015,665587651,12/1/2015,1032,152.58,97.44,157462.56,100558.08,56904.48
North America,United States of America,Clothes,Offline,L,4/6/2017,120370948,5/7/2017,9293,109.28,35.84,1015539.04,333061.12,682477.92
Europe,Liechtenstein,Snacks,Online,L,8/14/2016,977407968,8/22/2016,5593,152.58,97.44,853379.94,544981.92,308398.02
Middle East and North Africa,Iran,Personal Care,Online,M,9/21/2012,533622539,10/3/2012,9622,81.73,56.67,786406.06,545278.74,241127.32
Europe,Norway,Office Supplies,Online,H,12/16/2012,206250989,1/18/2013,3106,651.21,524.96,2022658.26,1630525.76,392132.5
Middle East and North Africa,Pakistan,Household,Online,H,5/31/2014,582842147,7/16/2014,4798,668.27,502.54,3206359.46,2411186.92,795172.54
Europe,Greece,Meat,Offline,M,3/30/2015,971257340,5/11/2015,5485,421.89,364.69,2314066.65,2000324.65,313742
Asia,Thailand,Fruits,Offline,L,11/18/2010,749670398,11/18/2010,2985,9.33,6.92,27850.05,20656.2,7193.85
Sub-Saharan Africa,Burkina Faso,Clothes,Online,C,12/20/2012,716567647,1/1/2013,7145,109.28,35.84,780805.6,256076.8,524728.8
Central America and the Caribbean,The Bahamas,Vegetables,Online,L,4/17/2015,840747916,4/24/2015,4847,154.06,90.93,746728.82,440737.71,305991.11
Middle East and North Africa,Libya,Household,Offline,L,9/6/2012,711322534,10/7/2012,5000,668.27,502.54,3341350,2512700,828650
Europe,Norway,Clothes,Offline,H,5/30/2012,887715327,6/12/2012,3547,109.28,35.84,387616.16,127124.48,260491.68
Australia and Oceania,Vanuatu,Cosmetics,Online,C,3/27/2015,649662625,5/16/2015,8463,437.2,263.33,3700023.6,2228561.79,1471461.81
Australia and Oceania,Palau,Beverages,Online,H,8/14/2011,247213256,9/7/2011,4751,47.45,31.79,225434.95,151034.29,74400.66
Europe,France,Office Supplies,Online,C,10/21/2015,450728547,11/22/2015,9448,651.21,524.96,6152632.08,4959822.08,1192810
North America,Greenland,Fruits,Online,M,8/9/2016,300882327,8/18/2016,6622,9.33,6.92,61783.26,45824.24,15959.02
Sub-Saharan Africa,Mauritania,Snacks,Offline,M,6/19/2011,258660924,6/23/2011,2370,152.58,97.44,361614.6,230932.8,130681.8
Sub-Saharan Africa,Nigeria,Household,Online,M,4/2/2010,855363166,4/4/2010,9824,668.27,502.54,6565084.48,4936952.96,1628131.52
Middle East and North Africa,Israel,Baby Food,Online,C,4/29/2016,442600381,5/3/2016,4143,255.28,159.42,1057625.04,660477.06,397147.98
Sub-Saharan Africa,Malawi,Cereal,Offline,L,3/8/2015,142296397,4/24/2015,7521,205.7,117.11,1547069.7,880784.31,666285.39
Europe,Vatican City,Beverages,Offline,H,2/6/2016,696687543,3/10/2016,4181,47.45,31.79,198388.45,132913.99,65474.46
Central America and the Caribbean,El Salvador,Snacks,Online,C,6/26/2010,218322646,6/26/2010,5377,152.58,97.44,820422.66,523934.88,296487.78
Asia,Turkmenistan,Household,Offline,C,7/14/2013,940063035,7/18/2013,4397,668.27,502.54,2938383.19,2209668.38,728714.81
Central America and the Caribbean,Saint Vincent and the Grenadines,Office Supplies,Offline,C,1/1/2015,665082538,2/4/2015,1557,651.21,524.96,1013933.97,817362.72,196571.25
Central America and the Caribbean,Antigua and Barbuda ,Clothes,Online,M,4/12/2013,416867482,5/26/2013,9207,109.28,35.84,1006140.96,329978.88,676162.08
Central America and the Caribbean,Saint Kitts and Nevis ,Household,Online,M,8/10/2011,389216697,9/6/2011,6725,668.27,502.54,4494115.75,3379581.5,1114534.25
Central America and the Caribbean,Dominican Republic,Personal Care,Online,L,4/18/2014,396241509,5/28/2014,5523,81.73,56.67,451394.79,312988.41,138406.38
Europe,Slovakia,Office Supplies,Online,H,5/11/2015,322365748,6/7/2015,4043,651.21,524.96,2632842.03,2122413.28,510428.75
Europe,Belarus,Office Supplies,Offline,C,6/11/2017,572325742,7/26/2017,2760,651.21,524.96,1797339.6,1448889.6,348450
Europe,Hungary,Fruits,Online,C,11/28/2012,721170318,1/6/2013,9178,9.33,6.92,85630.74,63511.76,22118.98
Australia and Oceania,Palau,Cereal,Offline,L,4/29/2010,864260804,5/19/2010,2833,205.7,117.11,582748.1,331772.63,250975.47
Sub-Saharan Africa,Republic of the Congo,Vegetables,Online,L,7/15/2015,267271029,8/18/2015,292,154.06,90.93,44985.52,26551.56,18433.96
Middle East and North Africa,Algeria,Fruits,Offline,C,9/25/2012,516187322,11/7/2012,154,9.33,6.92,1436.82,1065.68,371.14
Middle East and North Africa,Lebanon,Snacks,Offline,M,9/6/2013,567308509,10/21/2013,8049,152.58,97.44,1228116.42,784294.56,443821.86
Sub-Saharan Africa,Benin,Fruits,Online,M,1/23/2016,797245919,1/24/2016,1639,9.33,6.92,15291.87,11341.88,3949.99
Sub-Saharan Africa,Ethiopia,Meat,Offline,H,10/30/2014,752923381,11/13/2014,5615,421.89,364.69,2368912.35,2047734.35,321178
North America,United States of America,Vegetables,Online,L,8/3/2013,501577222,9/19/2013,6701,154.06,90.93,1032356.06,609321.93,423034.13
North America,Greenland,Clothes,Online,H,3/19/2013,180756270,3/20/2013,8652,109.28,35.84,945490.56,310087.68,635402.88
Asia,Nepal,Office Supplies,Online,M,8/24/2015,448321855,10/6/2015,7254,651.21,524.96,4723877.34,3808059.84,915817.5
Australia and Oceania,Tuvalu,Baby Food,Online,C,7/12/2012,232447803,8/6/2012,5325,255.28,159.42,1359366,848911.5,510454.5
Sub-Saharan Africa,Sierra Leone,Baby Food,Online,L,9/22/2011,781620442,10/6/2011,7713,255.28,159.42,1968974.64,1229606.46,739368.18
Sub-Saharan Africa,Kenya,Cosmetics,Online,H,10/17/2010,714638602,11/3/2010,6298,437.2,263.33,2753485.6,1658452.34,1095033.26
Sub-Saharan Africa,Angola,Household,Offline,H,12/9/2015,970613610,12/9/2015,4991,668.27,502.54,3335335.57,2508177.14,827158.43
Sub-Saharan Africa,Nigeria,Cereal,Online,C,6/30/2015,758969295,7/23/2015,4735,205.7,117.11,973989.5,554515.85,419473.65
North America,Canada,Meat,Offline,M,1/1/2014,709441983,1/4/2014,8503,421.89,364.69,3587330.67,3100959.07,486371.6
Europe,Finland,Fruits,Offline,H,4/15/2013,622080504,6/4/2013,6300,9.33,6.92,58779,43596,15183
Sub-Saharan Africa,Guinea-Bissau,Vegetables,Offline,H,3/27/2016,817246186,5/1/2016,162,154.06,90.93,24957.72,14730.66,10227.06
Sub-Saharan Africa,Republic of the Congo,Beverages,Offline,C,6/11/2015,785612857,6/28/2015,9157,47.45,31.79,434499.65,291101.03,143398.62
Australia and Oceania,Marshall Islands,Beverages,Offline,L,2/21/2012,538166844,3/13/2012,4383,47.45,31.79,207973.35,139335.57,68637.78
Central America and the Caribbean,Nicaragua,Fruits,Online,L,5/29/2012,156206977,6/5/2012,3971,9.33,6.92,37049.43,27479.32,9570.11
Sub-Saharan Africa,Niger,Personal Care,Offline,M,10/29/2015,241344583,10/29/2015,8080,81.73,56.67,660378.4,457893.6,202484.8
Asia,Brunei,Snacks,Online,H,9/1/2011,565503489,9/16/2011,3904,152.58,97.44,595672.32,380405.76,215266.56
Europe,Sweden,Personal Care,Offline,L,1/1/2013,520920026,1/26/2013,666,81.73,56.67,54432.18,37742.22,16689.96
Asia,Japan,Vegetables,Online,H,1/9/2015,470143020,2/26/2015,4622,154.06,90.93,712065.32,420278.46,291786.86
Middle East and North Africa,Tunisia ,Household,Offline,L,12/30/2013,396033799,1/7/2014,4057,668.27,502.54,2711171.39,2038804.78,672366.61
Asia,Vietnam,Baby Food,Online,C,1/11/2011,351766192,2/4/2011,4288,255.28,159.42,1094640.64,683592.96,411047.68
Central America and the Caribbean,Jamaica,Household,Online,H,11/17/2015,910826528,12/12/2015,2665,668.27,502.54,1780939.55,1339269.1,441670.45
Australia and Oceania,Tuvalu,Snacks,Offline,H,11/6/2012,917013633,12/3/2012,3567,152.58,97.44,544252.86,347568.48,196684.38
Europe,Moldova ,Snacks,Offline,C,1/14/2010,634438836,1/27/2010,3405,152.58,97.44,519534.9,331783.2,187751.7
Europe,Switzerland,Household,Offline,C,10/26/2012,397525966,10/28/2012,5622,668.27,502.54,3757013.94,2825279.88,931734.06
Sub-Saharan Africa,Comoros,Vegetables,Offline,M,6/25/2012,161011350,7/21/2012,5691,154.06,90.93,876755.46,517482.63,359272.83
Sub-Saharan Africa,Sudan,Beverages,Online,M,9/29/2012,849943816,10/5/2012,6118,47.45,31.79,290299.1,194491.22,95807.88
Sub-Saharan Africa,Guinea-Bissau,Cosmetics,Offline,L,10/25/2010,309684693,11/20/2010,1437,437.2,263.33,628256.4,378405.21,249851.19
Europe,Vatican City,Baby Food,Online,H,4/29/2016,955907809,5/6/2016,3218,255.28,159.42,821491.04,513013.56,308477.48
Middle East and North Africa,Egypt,Beverages,Offline,M,4/3/2017,324599492,5/11/2017,5058,47.45,31.79,240002.1,160793.82,79208.28
Asia,Tajikistan,Snacks,Online,C,1/2/2014,522058570,2/12/2014,7587,152.58,97.44,1157624.46,739277.28,418347.18
Sub-Saharan Africa,Cape Verde,Baby Food,Offline,M,8/15/2015,574896371,8/16/2015,3466,255.28,159.42,884800.48,552549.72,332250.76
Central America and the Caribbean,Dominican Republic,Cosmetics,Online,C,4/8/2013,480036723,5/27/2013,2389,437.2,263.33,1044470.8,629095.37,415375.43
Europe,Liechtenstein,Personal Care,Offline,M,5/4/2014,754715955,5/22/2014,6077,81.73,56.67,496673.21,344383.59,152289.62
Asia,Taiwan,Household,Online,C,12/2/2015,186482894,1/10/2016,3287,668.27,502.54,2196603.49,1651848.98,544754.51
Central America and the Caribbean,El Salvador,Personal Care,Offline,L,3/1/2016,783198869,3/1/2016,4805,81.73,56.67,392712.65,272299.35,120413.3
Asia,Taiwan,Meat,Offline,C,7/5/2010,123037707,8/5/2010,8447,421.89,364.69,3563704.83,3080536.43,483168.4
Sub-Saharan Africa,Mozambique,Personal Care,Offline,C,8/5/2010,804485738,8/29/2010,4062,81.73,56.67,331987.26,230193.54,101793.72
Middle East and North Africa,Yemen,Clothes,Offline,M,3/15/2010,996341788,3/23/2010,8531,109.28,35.84,932267.68,305751.04,626516.64
Sub-Saharan Africa,Sudan,Baby Food,Offline,H,9/28/2011,287717187,10/26/2011,764,255.28,159.42,195033.92,121796.88,73237.04
Europe,Spain,Cosmetics,Online,M,11/28/2014,138035762,12/13/2014,6704,437.2,263.33,2930988.8,1765364.32,1165624.48
Sub-Saharan Africa,Niger,Cereal,Offline,H,11/20/2012,727033841,12/3/2012,4325,205.7,117.11,889652.5,506500.75,383151.75
Australia and Oceania,Tonga,Vegetables,Offline,H,4/16/2011,504760253,4/23/2011,8631,154.06,90.93,1329691.86,784816.83,544875.03
Australia and Oceania,Palau,Personal Care,Offline,C,10/14/2016,241576325,11/27/2016,6658,81.73,56.67,544158.34,377308.86,166849.48
Middle East and North Africa,Algeria,Office Supplies,Offline,M,8/12/2010,778155887,8/18/2010,2474,651.21,524.96,1611093.54,1298751.04,312342.5
Sub-Saharan Africa,Nigeria,Fruits,Offline,M,12/7/2012,775485265,1/21/2013,2178,9.33,6.92,20320.74,15071.76,5248.98
Sub-Saharan Africa,Burundi,Personal Care,Offline,M,11/25/2010,764863288,1/8/2011,8899,81.73,56.67,727315.27,504306.33,223008.94
Middle East and North Africa,Syria,Meat,Offline,H,6/11/2015,897901284,6/15/2015,7798,421.89,364.69,3289898.22,2843852.62,446045.6
Europe,Slovakia,Meat,Offline,C,1/22/2012,496523082,2/5/2012,1069,421.89,364.69,451000.41,389853.61,61146.8
Middle East and North Africa,Syria,Office Supplies,Online,M,1/9/2010,302965009,2/3/2010,2933,651.21,524.96,1909998.93,1539707.68,370291.25
Sub-Saharan Africa,Gabon,Household,Offline,M,11/24/2015,229775893,12/19/2015,4648,668.27,502.54,3106118.96,2335805.92,770313.04
Asia,Turkmenistan,Baby Food,Offline,L,7/29/2014,709817063,8/17/2014,9498,255.28,159.42,2424649.44,1514171.16,910478.28
Sub-Saharan Africa,Togo,Meat,Online,C,12/18/2010,446262347,2/3/2011,7800,421.89,364.69,3290742,2844582,446160
Europe,Portugal,Snacks,Offline,M,1/8/2011,462598073,1/20/2011,1905,152.58,97.44,290664.9,185623.2,105041.7
Central America and the Caribbean,Haiti,Beverages,Online,L,6/3/2010,952623069,6/12/2010,1190,47.45,31.79,56465.5,37830.1,18635.4
Asia,Indonesia,Fruits,Online,L,6/22/2013,830448663,8/6/2013,7069,9.33,6.92,65953.77,48917.48,17036.29
Sub-Saharan Africa,Malawi,Household,Online,M,3/9/2014,880498683,3/19/2014,7982,668.27,502.54,5334131.14,4011274.28,1322856.86
Sub-Saharan Africa,Tanzania,Personal Care,Online,M,3/20/2015,607509458,4/4/2015,4404,81.73,56.67,359938.92,249574.68,110364.24
Sub-Saharan Africa,Angola,Office Supplies,Online,L,6/27/2016,486529815,7/1/2016,3839,651.21,524.96,2499995.19,2015321.44,484673.75
Europe,France,Personal Care,Online,C,6/5/2011,612921082,7/14/2011,5824,81.73,56.67,475995.52,330046.08,145949.44
Central America and the Caribbean,Grenada,Vegetables,Online,M,6/13/2013,252357089,6/26/2013,6925,154.06,90.93,1066865.5,629690.25,437175.25
Australia and Oceania,Federated States of Micronesia,Beverages,Offline,M,4/28/2014,990824162,6/8/2014,5743,47.45,31.79,272505.35,182569.97,89935.38
Europe,Bosnia and Herzegovina,Meat,Offline,M,8/30/2010,884621131,9/17/2010,7906,421.89,364.69,3335462.34,2883239.14,452223.2
Europe,Slovakia,Cereal,Offline,C,4/19/2015,310359323,4/28/2015,1075,205.7,117.11,221127.5,125893.25,95234.25
Sub-Saharan Africa,Central African Republic,Household,Online,H,8/12/2015,614962565,8/26/2015,9944,668.27,502.54,6645276.88,4997257.76,1648019.12
Asia,India,Cosmetics,Online,M,3/17/2015,965667188,5/3/2015,1235,437.2,263.33,539942,325212.55,214729.45
Australia and Oceania,New Zealand,Office Supplies,Online,M,12/15/2014,600022017,12/23/2014,8704,651.21,524.96,5668131.84,4569251.84,1098880
Sub-Saharan Africa,Seychelles ,Baby Food,Online,M,10/20/2016,175888383,11/3/2016,8136,255.28,159.42,2076958.08,1297041.12,779916.96
Europe,Sweden,Snacks,Online,L,5/23/2012,421440112,6/12/2012,2349,152.58,97.44,358410.42,228886.56,129523.86
North America,Mexico,Office Supplies,Online,H,2/26/2017,785163533,4/8/2017,6192,651.21,524.96,4032292.32,3250552.32,781740
Asia,Cambodia,Cosmetics,Online,M,7/6/2013,785857474,8/7/2013,1545,437.2,263.33,675474,406844.85,268629.15
Sub-Saharan Africa,South Africa,Household,Offline,M,3/27/2015,462633264,4/8/2015,2318,668.27,502.54,1549049.86,1164887.72,384162.14
Europe,Malta,Cosmetics,Online,L,8/27/2010,824914729,10/5/2010,9455,437.2,263.33,4133726,2489785.15,1643940.85
Sub-Saharan Africa,Togo,Beverages,Online,M,11/22/2011,702438199,12/23/2011,5928,47.45,31.79,281283.6,188451.12,92832.48
Sub-Saharan Africa,Togo,Fruits,Offline,C,3/12/2013,795252501,4/29/2013,1742,9.33,6.92,16252.86,12054.64,4198.22
Australia and Oceania,Australia,Cosmetics,Online,C,6/15/2017,523718965,6/25/2017,8935,437.2,263.33,3906382,2352853.55,1553528.45
Sub-Saharan Africa,Seychelles ,Clothes,Online,L,4/5/2017,278511416,5/3/2017,6572,109.28,35.84,718188.16,235540.48,482647.68
Europe,Spain,Beverages,Offline,M,11/5/2013,970616185,11/30/2013,5753,47.45,31.79,272979.85,182887.87,90091.98
Australia and Oceania,Vanuatu,Household,Offline,M,4/17/2013,881332099,4/30/2013,4608,668.27,502.54,3079388.16,2315704.32,763683.84
Europe,Malta,Clothes,Online,H,3/7/2015,612270486,3/22/2015,3298,109.28,35.84,360405.44,118200.32,242205.12
Middle East and North Africa,Qatar,Snacks,Online,H,5/9/2016,835355174,6/25/2016,9014,152.58,97.44,1375356.12,878324.16,497031.96
Sub-Saharan Africa,Gabon,Household,Offline,L,9/27/2014,942822492,10/29/2014,982,668.27,502.54,656241.14,493494.28,162746.86
Sub-Saharan Africa,Cote d'Ivoire,Clothes,Online,M,2/5/2013,397221267,3/13/2013,5455,109.28,35.84,596122.4,195507.2,400615.2
Sub-Saharan Africa,Kenya,Personal Care,Offline,C,4/10/2015,981412827,5/17/2015,720,81.73,56.67,58845.6,40802.4,18043.2
Australia and Oceania,East Timor,Clothes,Online,M,10/19/2014,948571002,10/20/2014,2094,109.28,35.84,228832.32,75048.96,153783.36
Asia,Laos,Vegetables,Online,H,11/9/2013,872182118,11/16/2013,6926,154.06,90.93,1067019.56,629781.18,437238.38
Europe,Slovenia,Clothes,Online,H,11/25/2011,496045005,12/19/2011,9595,109.28,35.84,1048541.6,343884.8,704656.8
Europe,Liechtenstein,Cereal,Offline,M,1/9/2017,984270989,2/10/2017,6513,205.7,117.11,1339724.1,762737.43,576986.67
Europe,Germany,Personal Care,Online,L,11/20/2011,871283900,1/9/2012,1123,81.73,56.67,91782.79,63640.41,28142.38
Sub-Saharan Africa,Nigeria,Cereal,Offline,L,6/29/2010,111820065,7/10/2010,8897,205.7,117.11,1830112.9,1041927.67,788185.23
Sub-Saharan Africa,Central African Republic,Clothes,Online,C,7/23/2016,530928313,8/28/2016,2341,109.28,35.84,255824.48,83901.44,171923.04
Sub-Saharan Africa,Cameroon,Fruits,Online,L,2/25/2012,873969972,3/4/2012,5991,9.33,6.92,55896.03,41457.72,14438.31
Australia and Oceania,Marshall Islands,Personal Care,Online,L,6/23/2014,856618869,6/23/2014,1414,81.73,56.67,115566.22,80131.38,35434.84
Europe,Slovenia,Fruits,Offline,L,7/4/2011,714861333,8/23/2011,2209,9.33,6.92,20609.97,15286.28,5323.69
Sub-Saharan Africa,The Gambia,Cereal,Offline,M,3/23/2011,754996192,4/20/2011,9006,205.7,117.11,1852534.2,1054692.66,797841.54
Asia,North Korea,Office Supplies,Offline,L,2/3/2015,903634774,2/27/2015,4465,651.21,524.96,2907652.65,2343946.4,563706.25
Asia,Malaysia,Baby Food,Offline,M,4/15/2014,257700908,4/27/2014,8280,255.28,159.42,2113718.4,1319997.6,793720.8
Europe,Macedonia,Baby Food,Offline,L,3/11/2016,234430921,4/11/2016,2174,255.28,159.42,554978.72,346579.08,208399.64
Asia,Laos,Beverages,Online,C,4/29/2010,521373641,5/8/2010,4901,47.45,31.79,232552.45,155802.79,76749.66
Sub-Saharan Africa,Tanzania,Clothes,Offline,M,7/23/2017,426390397,8/28/2017,7249,109.28,35.84,792170.72,259804.16,532366.56
Middle East and North Africa,Bahrain,Baby Food,Online,M,8/11/2010,227655017,9/21/2010,7033,255.28,159.42,1795384.24,1121200.86,674183.38
Asia,India,Meat,Offline,C,4/6/2016,723653829,4/20/2016,4104,421.89,364.69,1731436.56,1496687.76,234748.8
Asia,Indonesia,Office Supplies,Offline,M,2/26/2013,983185660,4/4/2013,5340,651.21,524.96,3477461.4,2803286.4,674175
Central America and the Caribbean,Jamaica,Personal Care,Offline,C,4/10/2011,595361840,4/13/2011,9654,81.73,56.67,789021.42,547092.18,241929.24
Central America and the Caribbean,Haiti,Beverages,Online,C,4/22/2010,119606196,6/6/2010,2986,47.45,31.79,141685.7,94924.94,46760.76
Sub-Saharan Africa,Cote d'Ivoire,Cereal,Offline,L,1/6/2011,635655057,1/11/2011,3312,205.7,117.11,681278.4,387868.32,293410.08
Asia,Malaysia,Beverages,Online,L,6/8/2011,593557250,6/27/2011,5635,47.45,31.79,267380.75,179136.65,88244.1
Central America and the Caribbean,Saint Lucia,Baby Food,Offline,H,9/1/2010,763674104,10/4/2010,6993,255.28,159.42,1785173.04,1114824.06,670348.98
Sub-Saharan Africa,Niger,Snacks,Offline,L,8/31/2012,186679446,10/2/2012,1451,152.58,97.44,221393.58,141385.44,80008.14
Australia and Oceania,East Timor,Beverages,Offline,L,11/16/2014,223559606,11/29/2014,5110,47.45,31.79,242469.5,162446.9,80022.6
Central America and the Caribbean,Cuba,Personal Care,Offline,C,1/8/2012,505613410,1/22/2012,1099,81.73,56.67,89821.27,62280.33,27540.94
Europe,Hungary,Fruits,Offline,M,1/13/2015,284452188,2/16/2015,4578,9.33,6.92,42712.74,31679.76,11032.98
Middle East and North Africa,Saudi Arabia,Cereal,Offline,M,12/24/2016,681999766,1/3/2017,7741,205.7,117.11,1592323.7,906548.51,685775.19
Asia,China,Cosmetics,Online,H,12/30/2011,640492475,2/14/2012,4811,437.2,263.33,2103369.2,1266880.63,836488.57
Australia and Oceania,Papua New Guinea,Household,Offline,H,3/17/2014,972479140,4/14/2014,7043,668.27,502.54,4706625.61,3539389.22,1167236.39
Middle East and North Africa,Kuwait,Meat,Online,L,2/2/2016,310821092,2/14/2016,7723,421.89,364.69,3258256.47,2816500.87,441755.6
Middle East and North Africa,Morocco,Clothes,Online,H,12/20/2014,958692157,1/27/2015,7168,109.28,35.84,783319.04,256901.12,526417.92
Europe,Monaco,Cereal,Online,C,10/22/2016,339578664,10/31/2016,7728,205.7,117.11,1589649.6,905026.08,684623.52
Central America and the Caribbean,Saint Lucia,Vegetables,Offline,L,4/13/2017,447279441,5/3/2017,8781,154.06,90.93,1352800.86,798456.33,554344.53
North America,Greenland,Cosmetics,Offline,L,2/14/2013,195905816,3/13/2013,1739,437.2,263.33,760290.8,457930.87,302359.93
Middle East and North Africa,Israel,Cosmetics,Offline,C,6/27/2013,369881618,7/19/2013,5045,437.2,263.33,2205674,1328499.85,877174.15
Central America and the Caribbean,The Bahamas,Beverages,Online,M,6/17/2013,473943173,7/1/2013,9172,47.45,31.79,435211.4,291577.88,143633.52
Asia,Bhutan,Snacks,Online,C,12/18/2012,983139312,2/5/2013,1625,152.58,97.44,247942.5,158340,89602.5
Sub-Saharan Africa,Madagascar,Fruits,Online,L,12/30/2012,192831361,2/3/2013,1940,9.33,6.92,18100.2,13424.8,4675.4
North America,United States of America,Personal Care,Offline,L,11/1/2011,968693149,11/21/2011,6684,81.73,56.67,546283.32,378782.28,167501.04
Sub-Saharan Africa,Malawi,Snacks,Offline,H,5/19/2016,396711003,6/4/2016,4457,152.58,97.44,680049.06,434290.08,245758.98
Europe,Russia,Vegetables,Online,M,9/9/2015,133183753,9/29/2015,887,154.06,90.93,136651.22,80654.91,55996.31
Europe,Iceland,Cereal,Offline,L,1/2/2015,554722726,2/16/2015,3637,205.7,117.11,748130.9,425929.07,322201.83
Sub-Saharan Africa,Comoros,Cereal,Online,L,11/12/2016,308251750,12/24/2016,7398,205.7,117.11,1521768.6,866379.78,655388.82
Central America and the Caribbean,Costa Rica,Cereal,Online,M,4/18/2017,361007153,5/11/2017,8894,205.7,117.11,1829495.8,1041576.34,787919.46
Europe,Montenegro,Cosmetics,Online,H,3/4/2017,850537765,4/16/2017,1880,437.2,263.33,821936,495060.4,326875.6
Sub-Saharan Africa,Cameroon,Snacks,Offline,L,11/11/2010,634704911,11/25/2010,2143,152.58,97.44,326978.94,208813.92,118165.02
Asia,Mongolia,Beverages,Online,L,9/23/2012,441682422,11/5/2012,2499,47.45,31.79,118577.55,79443.21,39134.34
Europe,Andorra,Beverages,Online,H,6/29/2015,619956624,8/13/2015,7797,47.45,31.79,369967.65,247866.63,122101.02
Europe,Cyprus,Office Supplies,Online,C,9/14/2016,688326346,10/9/2016,9917,651.21,524.96,6458049.57,5206028.32,1252021.25
Asia,Vietnam,Clothes,Online,C,1/1/2015,685902917,1/2/2015,2770,109.28,35.84,302705.6,99276.8,203428.8
Asia,Malaysia,Office Supplies,Online,H,11/11/2013,722110164,12/13/2013,7299,651.21,524.96,4753181.79,3831683.04,921498.75
Europe,Czech Republic,Meat,Online,M,4/3/2010,526684415,5/10/2010,6477,421.89,364.69,2732581.53,2362097.13,370484.4
Europe,Ukraine,Office Supplies,Online,H,7/30/2013,799674499,8/22/2013,310,651.21,524.96,201875.1,162737.6,39137.5
Asia,Turkmenistan,Cereal,Online,C,7/28/2011,961441743,8/10/2011,832,205.7,117.11,171142.4,97435.52,73706.88
Asia,Maldives,Clothes,Online,L,12/23/2011,502659976,1/9/2012,7112,109.28,35.84,777199.36,254894.08,522305.28
Asia,Taiwan,Cosmetics,Offline,M,1/10/2016,334315526,1/18/2016,248,437.2,263.33,108425.6,65305.84,43119.76
Europe,Moldova ,Vegetables,Online,M,8/26/2014,537707221,10/12/2014,8371,154.06,90.93,1289636.26,761175.03,528461.23
Asia,Maldives,Baby Food,Online,H,1/3/2015,814446389,1/11/2015,1640,255.28,159.42,418659.2,261448.8,157210.4
Europe,Sweden,Baby Food,Online,M,12/10/2013,936456859,12/16/2013,7249,255.28,159.42,1850524.72,1155635.58,694889.14
Asia,Kyrgyzstan,Beverages,Offline,C,12/11/2016,295974957,12/27/2016,4422,47.45,31.79,209823.9,140575.38,69248.52
Europe,San Marino,Vegetables,Online,C,8/25/2011,155549514,8/27/2011,9413,154.06,90.93,1450166.78,855924.09,594242.69
Europe,Iceland,Clothes,Offline,L,1/8/2017,498041856,2/21/2017,508,109.28,35.84,55514.24,18206.72,37307.52
Sub-Saharan Africa,Guinea,Personal Care,Online,M,6/21/2011,476625812,6/27/2011,3024,81.73,56.67,247151.52,171370.08,75781.44
Central America and the Caribbean,Barbados,Cosmetics,Offline,H,4/22/2012,664787709,5/11/2012,4311,437.2,263.33,1884769.2,1135215.63,749553.57
Asia,Kyrgyzstan,Clothes,Online,L,6/4/2011,806326377,7/23/2011,8748,109.28,35.84,955981.44,313528.32,642453.12
Europe,Monaco,Meat,Online,H,11/29/2016,265353143,12/27/2016,2747,421.89,364.69,1158931.83,1001803.43,157128.4
Europe,Albania,Household,Offline,L,6/4/2011,276291835,6/30/2011,9749,668.27,502.54,6514964.23,4899262.46,1615701.77
Asia,Indonesia,Baby Food,Offline,H,7/18/2016,793878781,8/11/2016,5228,255.28,159.42,1334603.84,833447.76,501156.08
Central America and the Caribbean,Dominica,Clothes,Online,C,4/10/2013,943162810,5/24/2013,1690,109.28,35.84,184683.2,60569.6,124113.6
Sub-Saharan Africa,Benin,Meat,Online,H,12/17/2013,369505250,1/5/2014,3670,421.89,364.69,1548336.3,1338412.3,209924
Europe,Macedonia,Vegetables,Offline,M,2/4/2013,588579928,2/26/2013,2735,154.06,90.93,421354.1,248693.55,172660.55
Sub-Saharan Africa,South Sudan,Clothes,Online,C,10/21/2013,936373174,11/29/2013,2485,109.28,35.84,271560.8,89062.4,182498.4
Europe,Poland,Meat,Online,M,6/26/2016,819183814,8/9/2016,3550,421.89,364.69,1497709.5,1294649.5,203060
Europe,Romania,Baby Food,Offline,H,1/14/2015,163623178,2/6/2015,8589,255.28,159.42,2192599.92,1369258.38,823341.54
Central America and the Caribbean,Honduras,Beverages,Offline,L,10/12/2015,766615092,10/15/2015,7297,47.45,31.79,346242.65,231971.63,114271.02
Europe,Slovenia,Personal Care,Offline,M,12/12/2010,445395886,1/4/2011,1395,81.73,56.67,114013.35,79054.65,34958.7
Asia,Mongolia,Fruits,Online,H,10/11/2012,687514388,10/19/2012,9640,9.33,6.92,89941.2,66708.8,23232.4
Middle East and North Africa,Tunisia ,Fruits,Offline,M,11/9/2011,800831925,11/9/2011,2818,9.33,6.92,26291.94,19500.56,6791.38
Europe,Albania,Household,Online,C,3/8/2011,163522326,4/5/2011,8745,668.27,502.54,5844021.15,4394712.3,1449308.85
Europe,Belarus,Household,Online,M,11/1/2014,474071919,12/3/2014,7271,668.27,502.54,4858991.17,3653968.34,1205022.83
Sub-Saharan Africa,Sierra Leone,Fruits,Online,L,8/1/2016,801279532,9/14/2016,5275,9.33,6.92,49215.75,36503,12712.75
Europe,Malta,Vegetables,Offline,C,4/12/2011,734256494,4/18/2011,1668,154.06,90.93,256972.08,151671.24,105300.84
Sub-Saharan Africa,Liberia,Clothes,Offline,C,10/1/2013,832426631,10/3/2013,2393,109.28,35.84,261507.04,85765.12,175741.92
Sub-Saharan Africa,Cameroon,Vegetables,Online,M,3/9/2017,375526273,4/3/2017,5424,154.06,90.93,835621.44,493204.32,342417.12
Middle East and North Africa,Oman,Clothes,Offline,M,1/20/2012,513604247,1/29/2012,5765,109.28,35.84,629999.2,206617.6,423381.6
Europe,Italy,Meat,Offline,C,8/5/2012,217021882,8/5/2012,452,421.89,364.69,190694.28,164839.88,25854.4
Central America and the Caribbean,Cuba,Office Supplies,Offline,M,3/12/2015,326453006,4/16/2015,3554,651.21,524.96,2314400.34,1865707.84,448692.5
Asia,Maldives,Household,Online,M,4/17/2017,402883946,4/26/2017,1168,668.27,502.54,780539.36,586966.72,193572.64
North America,United States of America,Snacks,Offline,L,8/13/2013,977613532,8/24/2013,6424,152.58,97.44,980173.92,625954.56,354219.36
Central America and the Caribbean,Antigua and Barbuda ,Cereal,Offline,H,2/5/2015,402253091,3/18/2015,4483,205.7,117.11,922153.1,525004.13,397148.97
Asia,Kazakhstan,Snacks,Offline,H,10/21/2014,698726451,11/24/2014,7539,152.58,97.44,1150300.62,734600.16,415700.46
Sub-Saharan Africa,Sierra Leone,Baby Food,Online,H,6/10/2014,809269940,7/24/2014,9814,255.28,159.42,2505317.92,1564547.88,940770.04
Middle East and North Africa,Tunisia ,Snacks,Online,M,12/28/2012,646432387,1/6/2013,2563,152.58,97.44,391062.54,249738.72,141323.82
Europe,Cyprus,Fruits,Offline,C,7/3/2010,643075120,8/5/2010,9073,9.33,6.92,84651.09,62785.16,21865.93
Central America and the Caribbean,Dominican Republic,Fruits,Online,L,11/16/2011,402371966,11/23/2011,9661,9.33,6.92,90137.13,66854.12,23283.01
Europe,Romania,Meat,Offline,C,7/1/2015,947809255,8/5/2015,6676,421.89,364.69,2816537.64,2434670.44,381867.2
Sub-Saharan Africa,Eritrea,Baby Food,Offline,L,1/16/2017,673185813,1/25/2017,9497,255.28,159.42,2424394.16,1514011.74,910382.42
Asia,Singapore,Cosmetics,Online,H,3/31/2013,292612969,5/7/2013,9535,437.2,263.33,4168702,2510851.55,1657850.45
Central America and the Caribbean,Nicaragua,Snacks,Offline,L,4/6/2013,590514552,4/17/2013,5233,152.58,97.44,798451.14,509903.52,288547.62
Europe,Armenia,Office Supplies,Offline,M,3/5/2012,171626889,4/15/2012,7065,651.21,524.96,4600798.65,3708842.4,891956.25
Europe,Malta,Office Supplies,Online,L,6/27/2017,410998809,7/17/2017,2536,651.21,524.96,1651468.56,1331298.56,320170
Europe,Bosnia and Herzegovina,Cereal,Offline,L,1/16/2015,503991639,1/25/2015,1181,205.7,117.11,242931.7,138306.91,104624.79
Central America and the Caribbean,The Bahamas,Beverages,Offline,H,9/10/2010,616279208,9/15/2010,9568,47.45,31.79,454001.6,304166.72,149834.88
Sub-Saharan Africa,Republic of the Congo,Beverages,Online,C,5/6/2011,533847844,5/25/2011,6295,47.45,31.79,298697.75,200118.05,98579.7
Sub-Saharan Africa,Chad,Office Supplies,Online,H,8/13/2013,112996375,10/2/2013,6993,651.21,524.96,4553911.53,3671045.28,882866.25
Europe,Czech Republic,Fruits,Offline,L,3/10/2015,630336129,3/19/2015,9323,9.33,6.92,86983.59,64515.16,22468.43
Sub-Saharan Africa,Lesotho,Household,Online,M,1/8/2011,732790935,2/25/2011,7977,668.27,502.54,5330789.79,4008761.58,1322028.21
Middle East and North Africa,Iraq,Fruits,Offline,L,4/15/2012,487597119,5/14/2012,9678,9.33,6.92,90295.74,66971.76,23323.98
Australia and Oceania,Tonga,Cosmetics,Online,H,4/15/2012,932303512,4/20/2012,8182,437.2,263.33,3577170.4,2154566.06,1422604.34
Central America and the Caribbean,Cuba,Snacks,Offline,M,12/19/2012,924771440,1/31/2013,9274,152.58,97.44,1415026.92,903658.56,511368.36
Sub-Saharan Africa,Cote d'Ivoire,Fruits,Online,H,7/17/2013,293174731,8/31/2013,5773,9.33,6.92,53862.09,39949.16,13912.93
Asia,Maldives,Household,Online,H,4/19/2014,285999715,5/16/2014,2526,668.27,502.54,1688050.02,1269416.04,418633.98
Sub-Saharan Africa,Burundi,Beverages,Offline,C,10/18/2012,422045218,12/3/2012,1414,47.45,31.79,67094.3,44951.06,22143.24
Europe,Russia,Cosmetics,Online,L,3/30/2015,740422570,4/18/2015,6347,437.2,263.33,2774908.4,1671355.51,1103552.89
Sub-Saharan Africa,Kenya,Beverages,Offline,L,7/17/2017,450555598,7/21/2017,8269,47.45,31.79,392364.05,262871.51,129492.54
Sub-Saharan Africa,Mauritius ,Vegetables,Offline,C,8/30/2016,182180631,9/20/2016,152,154.06,90.93,23417.12,13821.36,9595.76
Middle East and North Africa,Jordan,Snacks,Offline,M,6/7/2014,635346496,7/4/2014,2002,152.58,97.44,305465.16,195074.88,110390.28
Europe,Lithuania,Fruits,Offline,H,9/26/2013,330414521,11/11/2013,5854,9.33,6.92,54617.82,40509.68,14108.14
Europe,France,Beverages,Offline,C,9/28/2014,558058536,11/2/2014,777,47.45,31.79,36868.65,24700.83,12167.82
Sub-Saharan Africa,Malawi,Meat,Offline,L,2/8/2011,429264867,2/27/2011,7868,421.89,364.69,3319430.52,2869380.92,450049.6
Australia and Oceania,East Timor,Cosmetics,Offline,L,6/25/2016,925332343,7/3/2016,5258,437.2,263.33,2298797.6,1384589.14,914208.46
Sub-Saharan Africa,Liberia,Meat,Offline,L,4/23/2015,847872292,5/22/2015,3108,421.89,364.69,1311234.12,1133456.52,177777.6
Sub-Saharan Africa,Rwanda,Office Supplies,Online,C,1/1/2012,868808543,2/14/2012,8610,651.21,524.96,5606918.1,4519905.6,1087012.5
Europe,Monaco,Office Supplies,Online,L,1/21/2012,380377423,2/19/2012,987,651.21,524.96,642744.27,518135.52,124608.75
Europe,Austria,Cosmetics,Offline,L,9/1/2010,645127761,10/19/2010,6495,437.2,263.33,2839614,1710328.35,1129285.65
Asia,Indonesia,Cereal,Offline,L,9/3/2011,745920884,10/2/2011,3420,205.7,117.11,703494,400516.2,302977.8
Sub-Saharan Africa,Burkina Faso,Household,Online,L,3/8/2016,735930621,4/17/2016,7080,668.27,502.54,4731351.6,3557983.2,1173368.4
Asia,Turkmenistan,Cosmetics,Offline,L,3/27/2011,288643300,4/4/2011,4822,437.2,263.33,2108178.4,1269777.26,838401.14
Sub-Saharan Africa,Cameroon,Baby Food,Online,M,6/3/2011,947857749,6/5/2011,1026,255.28,159.42,261917.28,163564.92,98352.36
North America,Canada,Cosmetics,Offline,M,4/9/2017,277685296,4/11/2017,2105,437.2,263.33,920306,554309.65,365996.35
Middle East and North Africa,Syria,Beverages,Offline,H,6/9/2011,412549769,7/9/2011,1499,47.45,31.79,71127.55,47653.21,23474.34
Europe,Belarus,Cereal,Offline,C,7/2/2015,407187497,7/17/2015,4684,205.7,117.11,963498.8,548543.24,414955.56
Europe,Vatican City,Beverages,Online,H,6/17/2010,286647307,7/17/2010,4163,47.45,31.79,197534.35,132341.77,65192.58
Sub-Saharan Africa,Chad,Baby Food,Online,L,3/30/2016,596290528,4/6/2016,4473,255.28,159.42,1141867.44,713085.66,428781.78
Australia and Oceania,New Zealand,Vegetables,Offline,L,3/11/2012,151790988,4/1/2012,7181,154.06,90.93,1106304.86,652968.33,453336.53
Europe,Cyprus,Office Supplies,Offline,M,7/29/2016,989135015,8/5/2016,5886,651.21,524.96,3833022.06,3089914.56,743107.5
Middle East and North Africa,Oman,Cereal,Online,L,8/25/2014,714621436,10/2/2014,1218,205.7,117.11,250542.6,142639.98,107902.62
Australia and Oceania,Federated States of Micronesia,Snacks,Online,C,6/16/2015,154861581,6/17/2015,5838,152.58,97.44,890762.04,568854.72,321907.32
Middle East and North Africa,Pakistan,Cereal,Online,C,3/3/2010,206779277,3/26/2010,9438,205.7,117.11,1941396.6,1105284.18,836112.42
Central America and the Caribbean,Panama,Vegetables,Online,H,9/30/2013,487610852,11/12/2013,3742,154.06,90.93,576492.52,340260.06,236232.46
Middle East and North Africa,Azerbaijan,Snacks,Offline,C,9/14/2015,684905135,10/19/2015,7504,152.58,97.44,1144960.32,731189.76,413770.56
Sub-Saharan Africa,Botswana,Snacks,Offline,L,3/13/2014,106523454,4/25/2014,1512,152.58,97.44,230700.96,147329.28,83371.68
Europe,Netherlands,Personal Care,Offline,H,3/25/2012,830639636,5/7/2012,3582,81.73,56.67,292756.86,202991.94,89764.92
Central America and the Caribbean,Jamaica,Baby Food,Online,M,11/17/2013,955740010,12/15/2013,3563,255.28,159.42,909562.64,568013.46,341549.18
Sub-Saharan Africa,The Gambia,Vegetables,Online,H,11/30/2012,450623404,12/29/2012,8334,154.06,90.93,1283936.04,757810.62,526125.42
Europe,Austria,Fruits,Offline,M,10/3/2011,704401147,11/11/2011,6808,9.33,6.92,63518.64,47111.36,16407.28
Asia,India,Snacks,Online,H,2/3/2010,476497066,3/13/2010,4925,152.58,97.44,751456.5,479892,271564.5
Sub-Saharan Africa,Comoros,Clothes,Offline,L,4/5/2016,846647489,4/28/2016,661,109.28,35.84,72234.08,23690.24,48543.84
Europe,Moldova ,Household,Offline,M,2/22/2013,264901244,3/21/2013,9020,668.27,502.54,6027795.4,4532910.8,1494884.6
Middle East and North Africa,Jordan,Vegetables,Offline,C,12/30/2014,401619660,2/15/2015,7037,154.06,90.93,1084120.22,639874.41,444245.81
Europe,Italy,Cosmetics,Offline,H,8/15/2010,297476565,8/31/2010,8781,437.2,263.33,3839053.2,2312300.73,1526752.47
Europe,Austria,Household,Online,M,8/10/2012,413458287,9/14/2012,350,668.27,502.54,233894.5,175889,58005.5
Central America and the Caribbean,Costa Rica,Fruits,Offline,L,9/7/2015,380863654,10/15/2015,4874,9.33,6.92,45474.42,33728.08,11746.34
Sub-Saharan Africa,Madagascar,Cosmetics,Offline,M,8/20/2015,351303994,9/14/2015,7513,437.2,263.33,3284683.6,1978398.29,1306285.31
Sub-Saharan Africa,Zimbabwe,Clothes,Offline,M,2/6/2013,546703135,3/14/2013,462,109.28,35.84,50487.36,16558.08,33929.28
Sub-Saharan Africa,Guinea,Cereal,Online,M,5/12/2017,809297406,6/1/2017,7942,205.7,117.11,1633669.4,930087.62,703581.78
Central America and the Caribbean,El Salvador,Fruits,Online,C,4/1/2012,151635634,4/19/2012,1209,9.33,6.92,11279.97,8366.28,2913.69
Europe,Switzerland,Cosmetics,Online,L,12/17/2012,806579148,1/19/2013,3549,437.2,263.33,1551622.8,934558.17,617064.63
Asia,India,Beverages,Online,M,10/29/2016,577301776,11/2/2016,5279,47.45,31.79,250488.55,167819.41,82669.14
Central America and the Caribbean,Barbados,Cosmetics,Offline,C,8/29/2014,487289845,10/6/2014,8749,437.2,263.33,3825062.8,2303874.17,1521188.63
Sub-Saharan Africa,Togo,Snacks,Online,H,4/11/2017,730342185,5/8/2017,3337,152.58,97.44,509159.46,325157.28,184002.18
Sub-Saharan Africa,Djibouti,Office Supplies,Offline,C,11/4/2013,220570123,11/30/2013,456,651.21,524.96,296951.76,239381.76,57570
Asia,Turkmenistan,Clothes,Offline,L,7/6/2013,642397487,8/5/2013,8547,109.28,35.84,934016.16,306324.48,627691.68
Asia,Laos,Cereal,Offline,C,5/15/2011,600560605,6/30/2011,8084,205.7,117.11,1662878.8,946717.24,716161.56
Sub-Saharan Africa,Togo,Cosmetics,Online,M,11/29/2014,570108306,12/19/2014,6572,437.2,263.33,2873278.4,1730604.76,1142673.64
Sub-Saharan Africa,South Africa,Cosmetics,Online,C,7/25/2017,646401917,8/6/2017,3547,437.2,263.33,1550748.4,934031.51,616716.89
Central America and the Caribbean,Nicaragua,Meat,Offline,C,1/9/2010,995115268,1/28/2010,5576,421.89,364.69,2352458.64,2033511.44,318947.2
Sub-Saharan Africa,Cape Verde,Fruits,Offline,M,5/8/2014,502234685,5/9/2014,1259,9.33,6.92,11746.47,8712.28,3034.19
Australia and Oceania,Vanuatu,Personal Care,Online,C,1/6/2012,824058997,1/14/2012,6225,81.73,56.67,508769.25,352770.75,155998.5
Europe,Estonia,Household,Offline,H,11/4/2015,537199532,11/5/2015,8134,668.27,502.54,5435708.18,4087660.36,1348047.82
Australia and Oceania,East Timor,Office Supplies,Online,M,3/22/2013,988580119,4/22/2013,1681,651.21,524.96,1094684.01,882457.76,212226.25
Sub-Saharan Africa,Sao Tome and Principe,Household,Online,H,4/29/2015,445437085,5/11/2015,3587,668.27,502.54,2397084.49,1802610.98,594473.51
Central America and the Caribbean,El Salvador,Vegetables,Offline,M,6/14/2015,845319259,7/31/2015,7608,154.06,90.93,1172088.48,691795.44,480293.04
North America,Canada,Cereal,Offline,M,7/18/2015,146087968,9/6/2015,9531,205.7,117.11,1960526.7,1116175.41,844351.29
Europe,Moldova ,Household,Offline,C,10/29/2014,875917041,11/22/2014,2172,668.27,502.54,1451482.44,1091516.88,359965.56
Australia and Oceania,Kiribati,Personal Care,Online,L,7/30/2013,683292806,9/5/2013,380,81.73,56.67,31057.4,21534.6,9522.8
Asia,Singapore,Meat,Online,H,12/8/2016,887014091,1/22/2017,6036,421.89,364.69,2546528.04,2201268.84,345259.2
Sub-Saharan Africa,Sierra Leone,Household,Online,L,12/16/2015,626192224,12/30/2015,3049,668.27,502.54,2037555.23,1532244.46,505310.77
North America,United States of America,Personal Care,Offline,L,2/14/2014,910251033,2/18/2014,2363,81.73,56.67,193127.99,133911.21,59216.78
Europe,Hungary,Vegetables,Offline,L,12/22/2015,568926846,1/24/2016,6952,154.06,90.93,1071025.12,632145.36,438879.76
Australia and Oceania,Fiji,Office Supplies,Online,H,10/6/2015,302268493,10/15/2015,6819,651.21,524.96,4440600.99,3579702.24,860898.75
Sub-Saharan Africa,Eritrea,Personal Care,Offline,C,5/16/2016,430637300,5/21/2016,4001,81.73,56.67,327001.73,226736.67,100265.06
Sub-Saharan Africa,Cameroon,Fruits,Offline,M,5/28/2010,444707095,6/27/2010,7567,9.33,6.92,70600.11,52363.64,18236.47
North America,Mexico,Cereal,Offline,M,3/25/2014,355464208,4/1/2014,8613,205.7,117.11,1771694.1,1008668.43,763025.67
Europe,Serbia,Cosmetics,Online,M,3/20/2011,244207465,5/8/2011,5271,437.2,263.33,2304481.2,1388012.43,916468.77
Central America and the Caribbean,Belize,Cosmetics,Offline,M,1/30/2016,712548196,2/28/2016,7700,437.2,263.33,3366440,2027641,1338799
Middle East and North Africa,Tunisia ,Beverages,Offline,L,7/14/2010,632410228,7/24/2010,3095,47.45,31.79,146857.75,98390.05,48467.7
Sub-Saharan Africa,South Africa,Baby Food,Online,L,3/18/2015,296029889,4/6/2015,677,255.28,159.42,172824.56,107927.34,64897.22
Middle East and North Africa,Bahrain,Cereal,Offline,C,3/1/2010,965956008,3/22/2010,6703,205.7,117.11,1378807.1,784988.33,593818.77
Sub-Saharan Africa,Gabon,Personal Care,Online,C,5/15/2014,825049912,6/27/2014,9458,81.73,56.67,773002.34,535984.86,237017.48
Central America and the Caribbean,Saint Lucia,Beverages,Online,H,10/19/2013,826485431,10/20/2013,4260,47.45,31.79,202137,135425.4,66711.6
Sub-Saharan Africa,The Gambia,Office Supplies,Online,M,8/19/2010,643748891,9/13/2010,8457,651.21,524.96,5507282.97,4439586.72,1067696.25
Europe,Ireland,Office Supplies,Online,L,11/22/2011,920639121,12/25/2011,6429,651.21,524.96,4186629.09,3374967.84,811661.25
Sub-Saharan Africa,Cape Verde,Baby Food,Online,L,7/13/2010,121267449,7/18/2010,4588,255.28,159.42,1171224.64,731418.96,439805.68
Europe,Armenia,Vegetables,Offline,C,12/3/2011,380057704,12/14/2011,6375,154.06,90.93,982132.5,579678.75,402453.75
Central America and the Caribbean,Haiti,Office Supplies,Offline,H,12/5/2014,751746213,1/8/2015,7265,651.21,524.96,4731040.65,3813834.4,917206.25
North America,Greenland,Fruits,Online,L,9/11/2015,361381804,10/25/2015,9761,9.33,6.92,91070.13,67546.12,23524.01
Sub-Saharan Africa,Mali,Household,Online,L,6/6/2011,654325807,6/30/2011,8402,668.27,502.54,5614804.54,4222341.08,1392463.46
Central America and the Caribbean,Barbados,Office Supplies,Online,H,10/5/2011,446252048,11/23/2011,4752,651.21,524.96,3094549.92,2494609.92,599940
Sub-Saharan Africa,Niger,Vegetables,Online,M,3/31/2012,873146855,4/2/2012,2413,154.06,90.93,371746.78,219414.09,152332.69
Asia,Japan,Beverages,Offline,C,4/14/2013,441309058,4/24/2013,2012,47.45,31.79,95469.4,63961.48,31507.92
Europe,Slovenia,Clothes,Online,C,5/7/2016,877349984,5/14/2016,6212,109.28,35.84,678847.36,222638.08,456209.28
Sub-Saharan Africa,Tanzania,Meat,Online,L,8/10/2012,378193461,8/31/2012,4704,421.89,364.69,1984570.56,1715501.76,269068.8
Sub-Saharan Africa,Niger,Fruits,Offline,L,1/7/2017,361075818,2/16/2017,9213,9.33,6.92,85957.29,63753.96,22203.33
Europe,Belgium,Personal Care,Online,C,7/13/2011,513545882,8/23/2011,8494,81.73,56.67,694214.62,481354.98,212859.64
Middle East and North Africa,Azerbaijan,Personal Care,Online,M,1/4/2017,143464982,1/17/2017,3331,81.73,56.67,272242.63,188767.77,83474.86
Sub-Saharan Africa,Burundi,Personal Care,Offline,M,10/2/2013,429006946,11/8/2013,1544,81.73,56.67,126191.12,87498.48,38692.64
Asia,Cambodia,Meat,Offline,M,5/24/2013,368658101,5/26/2013,2979,421.89,364.69,1256810.31,1086411.51,170398.8
Sub-Saharan Africa,Republic of the Congo,Meat,Offline,H,4/16/2017,831217277,5/28/2017,4518,421.89,364.69,1906099.02,1647669.42,258429.6
Middle East and North Africa,Morocco,Vegetables,Online,H,9/15/2012,505795800,11/2/2012,5072,154.06,90.93,781392.32,461196.96,320195.36
Europe,Denmark,Cereal,Offline,L,6/26/2014,851817500,6/28/2014,582,205.7,117.11,119717.4,68158.02,51559.38
Sub-Saharan Africa,Liberia,Vegetables,Offline,H,10/22/2015,249018704,12/11/2015,9023,154.06,90.93,1390083.38,820461.39,569621.99
Sub-Saharan Africa,Chad,Snacks,Online,L,9/16/2014,747448241,10/9/2014,5399,152.58,97.44,823779.42,526078.56,297700.86
Asia,Kyrgyzstan,Fruits,Offline,H,4/19/2010,417467439,5/9/2010,6747,9.33,6.92,62949.51,46689.24,16260.27
Middle East and North Africa,Turkey,Cereal,Offline,L,2/3/2014,999750125,3/1/2014,7133,205.7,117.11,1467258.1,835345.63,631912.47
Central America and the Caribbean,Barbados,Snacks,Offline,L,12/21/2015,255282628,1/28/2016,2657,152.58,97.44,405405.06,258898.08,146506.98
Sub-Saharan Africa,Angola,Beverages,Offline,C,8/26/2010,515363776,10/7/2010,6449,47.45,31.79,306005.05,205013.71,100991.34
Asia,Singapore,Meat,Offline,L,8/23/2016,131604897,10/1/2016,3669,421.89,364.69,1547914.41,1338047.61,209866.8
Sub-Saharan Africa,Sao Tome and Principe,Beverages,Online,C,11/15/2011,225929820,12/1/2011,6509,47.45,31.79,308852.05,206921.11,101930.94
Sub-Saharan Africa,Equatorial Guinea,Vegetables,Online,H,3/6/2013,640574872,3/31/2013,9194,154.06,90.93,1416427.64,836010.42,580417.22
Asia,Bangladesh,Clothes,Online,L,12/25/2011,388088881,12/30/2011,2979,109.28,35.84,325545.12,106767.36,218777.76
Sub-Saharan Africa,The Gambia,Fruits,Offline,L,11/24/2015,801333177,12/4/2015,1149,9.33,6.92,10720.17,7951.08,2769.09
North America,Canada,Clothes,Online,L,9/5/2014,583481585,10/5/2014,4022,109.28,35.84,439524.16,144148.48,295375.68
Sub-Saharan Africa,Democratic Republic of the Congo,Baby Food,Online,M,4/18/2014,758020436,5/7/2014,3947,255.28,159.42,1007590.16,629230.74,378359.42
Asia,Tajikistan,Snacks,Online,C,5/31/2010,618748557,6/22/2010,303,152.58,97.44,46231.74,29524.32,16707.42
Europe,Malta,Snacks,Online,C,11/29/2014,879777276,1/11/2015,4501,152.58,97.44,686762.58,438577.44,248185.14
Sub-Saharan Africa,Central African Republic,Clothes,Offline,H,3/27/2014,525530421,4/22/2014,4985,109.28,35.84,544760.8,178662.4,366098.4
Sub-Saharan Africa,Zimbabwe,Baby Food,Offline,L,1/13/2011,860744321,2/11/2011,2227,255.28,159.42,568508.56,355028.34,213480.22
Europe,Montenegro,Cosmetics,Online,L,10/22/2012,560467803,12/10/2012,3733,437.2,263.33,1632067.6,983010.89,649056.71
Europe,Sweden,Office Supplies,Offline,L,12/25/2012,620062196,2/7/2013,9038,651.21,524.96,5885635.98,4744588.48,1141047.5
Sub-Saharan Africa,Ghana,Fruits,Offline,C,5/27/2017,305201327,6/7/2017,4710,9.33,6.92,43944.3,32593.2,11351.1
Sub-Saharan Africa,Equatorial Guinea,Household,Online,C,4/5/2010,301871526,4/16/2010,9348,668.27,502.54,6246987.96,4697743.92,1549244.04
Europe,France,Baby Food,Online,C,11/21/2010,466371619,1/5/2011,8581,255.28,159.42,2190557.68,1367983.02,822574.66
Europe,Luxembourg,Fruits,Online,C,12/21/2016,275312936,1/11/2017,71,9.33,6.92,662.43,491.32,171.11
Asia,Thailand,Vegetables,Online,L,11/24/2015,175619304,1/7/2016,8509,154.06,90.93,1310896.54,773723.37,537173.17
Central America and the Caribbean,Dominica,Cosmetics,Offline,H,4/6/2011,234527051,4/30/2011,621,437.2,263.33,271501.2,163527.93,107973.27
Middle East and North Africa,Yemen,Household,Online,H,7/7/2011,589585006,7/23/2011,160,668.27,502.54,106923.2,80406.4,26516.8
North America,United States of America,Meat,Offline,L,1/9/2011,998654496,2/12/2011,2913,421.89,364.69,1228965.57,1062341.97,166623.6
Middle East and North Africa,Kuwait,Vegetables,Offline,C,8/1/2016,389909350,9/1/2016,1696,154.06,90.93,261285.76,154217.28,107068.48
Sub-Saharan Africa,Seychelles ,Clothes,Online,M,5/1/2013,911835896,5/27/2013,1360,109.28,35.84,148620.8,48742.4,99878.4
Central America and the Caribbean,El Salvador,Vegetables,Offline,L,12/22/2013,283232963,1/13/2014,3783,154.06,90.93,582808.98,343988.19,238820.79
Europe,Czech Republic,Vegetables,Online,C,2/22/2017,343211877,4/2/2017,2876,154.06,90.93,443076.56,261514.68,181561.88
Europe,Ireland,Office Supplies,Online,C,3/6/2011,301196467,4/7/2011,9583,651.21,524.96,6240545.43,5030691.68,1209853.75
Australia and Oceania,Tonga,Personal Care,Online,C,10/4/2015,786923062,10/27/2015,6876,81.73,56.67,561975.48,389662.92,172312.56
Sub-Saharan Africa,Equatorial Guinea,Cosmetics,Offline,H,7/25/2017,700440490,8/13/2017,4761,437.2,263.33,2081509.2,1253714.13,827795.07
Asia,Vietnam,Cosmetics,Offline,C,11/29/2011,362110078,1/11/2012,5274,437.2,263.33,2305792.8,1388802.42,916990.38
Asia,Myanmar,Clothes,Online,M,2/11/2014,162605655,2/14/2014,7482,109.28,35.84,817632.96,268154.88,549478.08
Europe,Georgia,Snacks,Offline,H,4/4/2010,112913548,4/28/2010,2483,152.58,97.44,378856.14,241943.52,136912.62
Asia,Singapore,Office Supplies,Offline,M,12/29/2013,294332587,1/15/2014,8408,651.21,524.96,5475373.68,4413863.68,1061510
Europe,Lithuania,Cereal,Online,M,4/30/2017,408474099,5/5/2017,5418,205.7,117.11,1114482.6,634501.98,479980.62
Sub-Saharan Africa,Republic of the Congo,Household,Online,C,2/10/2017,227261912,2/14/2017,705,668.27,502.54,471130.35,354290.7,116839.65
Europe,Hungary,Snacks,Offline,C,4/8/2011,942932355,5/16/2011,3493,152.58,97.44,532961.94,340357.92,192604.02
Asia,Philippines,Fruits,Online,H,2/17/2010,218034255,3/11/2010,36,9.33,6.92,335.88,249.12,86.76
North America,Canada,Fruits,Offline,L,7/16/2017,735428941,8/19/2017,8621,9.33,6.92,80433.93,59657.32,20776.61
Sub-Saharan Africa,Burkina Faso,Vegetables,Online,C,11/21/2011,748290240,1/1/2012,4566,154.06,90.93,703437.96,415186.38,288251.58
Europe,Norway,Snacks,Offline,L,7/3/2010,830104482,7/24/2010,5218,152.58,97.44,796162.44,508441.92,287720.52
Asia,Turkmenistan,Baby Food,Online,C,11/1/2012,724670493,12/14/2012,4958,255.28,159.42,1265678.24,790404.36,475273.88
Sub-Saharan Africa,Zimbabwe,Baby Food,Offline,M,11/2/2011,696099603,12/8/2011,196,255.28,159.42,50034.88,31246.32,18788.56
Europe,Ireland,Baby Food,Offline,C,11/17/2012,178815639,12/9/2012,4376,255.28,159.42,1117105.28,697621.92,419483.36
Australia and Oceania,Tuvalu,Beverages,Online,L,10/30/2014,927554929,11/30/2014,2971,47.45,31.79,140973.95,94448.09,46525.86
Central America and the Caribbean,Guatemala,Snacks,Offline,M,10/29/2013,267366302,12/4/2013,8485,152.58,97.44,1294641.3,826778.4,467862.9
Australia and Oceania,Papua New Guinea,Meat,Online,C,8/28/2014,543611085,9/16/2014,5455,421.89,364.69,2301409.95,1989383.95,312026
Middle East and North Africa,Qatar,Snacks,Online,C,10/21/2011,571963107,10/25/2011,5449,152.58,97.44,831408.42,530950.56,300457.86
Europe,Lithuania,Vegetables,Online,L,12/18/2015,588408696,1/14/2016,2064,154.06,90.93,317979.84,187679.52,130300.32
Australia and Oceania,East Timor,Beverages,Offline,C,5/24/2012,899246680,6/3/2012,5931,47.45,31.79,281425.95,188546.49,92879.46
Asia,Philippines,Beverages,Offline,H,2/21/2010,531088387,4/4/2010,9711,47.45,31.79,460786.95,308712.69,152074.26
Central America and the Caribbean,Jamaica,Baby Food,Offline,M,7/9/2015,380857646,8/26/2015,3096,255.28,159.42,790346.88,493564.32,296782.56
Asia,Philippines,Office Supplies,Online,H,3/12/2013,965790784,3/27/2013,7810,651.21,524.96,5085950.1,4099937.6,986012.5
Europe,Spain,Personal Care,Online,H,5/28/2015,173436629,6/20/2015,2608,81.73,56.67,213151.84,147795.36,65356.48
Sub-Saharan Africa,Chad,Personal Care,Online,M,9/22/2012,911656510,10/3/2012,8275,81.73,56.67,676315.75,468944.25,207371.5
Australia and Oceania,Solomon Islands,Snacks,Offline,H,9/30/2015,758624255,10/8/2015,2630,152.58,97.44,401285.4,256267.2,145018.2
Europe,Russia,Fruits,Offline,C,5/20/2013,512826192,5/25/2013,5521,9.33,6.92,51510.93,38205.32,13305.61
Sub-Saharan Africa,Equatorial Guinea,Beverages,Online,M,7/26/2014,143061149,8/29/2014,3828,47.45,31.79,181638.6,121692.12,59946.48
Middle East and North Africa,Lebanon,Household,Online,H,2/17/2014,138440454,3/25/2014,6462,668.27,502.54,4318360.74,3247413.48,1070947.26
Sub-Saharan Africa,Central African Republic,Meat,Online,L,10/10/2011,158387935,11/24/2011,9364,421.89,364.69,3950577.96,3414957.16,535620.8
Australia and Oceania,Marshall Islands,Cereal,Offline,C,10/29/2015,382639920,11/1/2015,510,205.7,117.11,104907,59726.1,45180.9
Asia,Japan,Cosmetics,Online,M,9/30/2016,161245238,11/17/2016,4904,437.2,263.33,2144028.8,1291370.32,852658.48
Australia and Oceania,Tuvalu,Vegetables,Online,C,8/23/2013,264565217,9/15/2013,9582,154.06,90.93,1476202.92,871291.26,604911.66
Middle East and North Africa,Israel,Fruits,Online,H,6/20/2010,633273684,7/3/2010,8611,9.33,6.92,80340.63,59588.12,20752.51
Sub-Saharan Africa,Uganda,Cosmetics,Offline,H,3/26/2012,828356969,4/13/2012,8090,437.2,263.33,3536948,2130339.7,1406608.3
Sub-Saharan Africa,Mauritania,Household,Online,L,9/1/2013,481113898,9/25/2013,1149,668.27,502.54,767842.23,577418.46,190423.77
Europe,San Marino,Beverages,Online,M,7/22/2010,643155801,8/21/2010,2949,47.45,31.79,139930.05,93748.71,46181.34
Sub-Saharan Africa,Sao Tome and Principe,Fruits,Online,L,2/11/2011,636406505,3/7/2011,5682,9.33,6.92,53013.06,39319.44,13693.62
Sub-Saharan Africa,Guinea,Clothes,Online,C,1/16/2017,303102338,1/23/2017,3572,109.28,35.84,390348.16,128020.48,262327.68
Europe,Romania,Meat,Online,L,3/8/2012,455792129,3/29/2012,7874,421.89,364.69,3321961.86,2871569.06,450392.8
Asia,Malaysia,Meat,Online,C,9/24/2011,627337205,10/9/2011,1875,421.89,364.69,791043.75,683793.75,107250
Asia,Nepal,Clothes,Online,H,1/2/2013,420911395,2/5/2013,5890,109.28,35.84,643659.2,211097.6,432561.6
Australia and Oceania,Marshall Islands,Baby Food,Online,H,5/27/2014,860001027,6/25/2014,2270,255.28,159.42,579485.6,361883.4,217602.2
Europe,Lithuania,Baby Food,Offline,C,8/5/2011,338404929,9/19/2011,393,255.28,159.42,100325.04,62652.06,37672.98
Middle East and North Africa,Iran,Office Supplies,Offline,H,6/15/2016,470234429,7/22/2016,1672,651.21,524.96,1088823.12,877733.12,211090
Europe,Denmark,Baby Food,Online,L,6/7/2015,239913356,7/27/2015,4548,255.28,159.42,1161013.44,725042.16,435971.28
Sub-Saharan Africa,Namibia,Cereal,Offline,L,3/4/2011,952178037,4/14/2011,9495,205.7,117.11,1953121.5,1111959.45,841162.05
Asia,Japan,Vegetables,Offline,H,3/7/2011,382077300,3/12/2011,4019,154.06,90.93,619167.14,365447.67,253719.47
Middle East and North Africa,Lebanon,Snacks,Online,L,6/13/2016,424972474,6/15/2016,7654,152.58,97.44,1167847.32,745805.76,422041.56
Australia and Oceania,New Zealand,Cosmetics,Offline,M,2/9/2010,346537387,3/12/2010,6968,437.2,263.33,3046409.6,1834883.44,1211526.16
Sub-Saharan Africa,Nigeria,Vegetables,Online,C,3/19/2014,832758367,5/8/2014,561,154.06,90.93,86427.66,51011.73,35415.93
Sub-Saharan Africa,Guinea,Household,Online,M,3/27/2010,839934241,4/4/2010,4062,668.27,502.54,2714512.74,2041317.48,673195.26
North America,United States of America,Baby Food,Offline,C,1/1/2011,744676339,1/21/2011,5132,255.28,159.42,1310096.96,818143.44,491953.52
Europe,Kosovo,Meat,Offline,H,6/22/2011,993908488,7/26/2011,8463,421.89,364.69,3570455.07,3086371.47,484083.6
Europe,Ireland,Beverages,Offline,M,3/31/2015,754867017,4/14/2015,780,47.45,31.79,37011,24796.2,12214.8
Asia,Bangladesh,Fruits,Offline,C,8/16/2015,165100753,8/29/2015,5837,9.33,6.92,54459.21,40392.04,14067.17
Central America and the Caribbean,Nicaragua,Cereal,Online,H,7/20/2014,782471024,9/5/2014,9419,205.7,117.11,1937488.3,1103059.09,834429.21
Asia,India,Cosmetics,Online,H,3/29/2011,635151660,4/15/2011,4346,437.2,263.33,1900071.2,1144432.18,755639.02
Sub-Saharan Africa,Sao Tome and Principe,Baby Food,Online,L,7/22/2013,971628987,9/2/2013,5464,255.28,159.42,1394849.92,871070.88,523779.04
Asia,Vietnam,Vegetables,Offline,L,6/28/2011,410701835,7/25/2011,4654,154.06,90.93,716995.24,423188.22,293807.02
Sub-Saharan Africa,Rwanda,Fruits,Offline,L,3/27/2011,791481530,5/6/2011,5828,9.33,6.92,54375.24,40329.76,14045.48
Europe,Andorra,Office Supplies,Online,M,4/11/2016,423391902,5/20/2016,9927,651.21,524.96,6464561.67,5211277.92,1253283.75
Sub-Saharan Africa,Angola,Beverages,Online,H,1/5/2016,836169278,2/16/2016,9926,47.45,31.79,470988.7,315547.54,155441.16
Central America and the Caribbean,Grenada,Cereal,Online,M,4/7/2012,929862487,4/14/2012,5828,205.7,117.11,1198819.6,682517.08,516302.52
Central America and the Caribbean,Grenada,Beverages,Offline,H,7/1/2015,124832856,7/10/2015,9671,47.45,31.79,458888.95,307441.09,151447.86
North America,United States of America,Meat,Offline,L,9/22/2010,611754214,9/27/2010,521,421.89,364.69,219804.69,190003.49,29801.2
Middle East and North Africa,Oman,Snacks,Offline,M,4/30/2014,601612889,5/20/2014,9478,152.58,97.44,1446153.24,923536.32,522616.92
Sub-Saharan Africa,Lesotho,Clothes,Offline,L,3/31/2017,175707709,4/13/2017,4671,109.28,35.84,510446.88,167408.64,343038.24
Europe,Bulgaria,Cereal,Offline,L,6/23/2011,835650002,7/4/2011,6261,205.7,117.11,1287887.7,733225.71,554661.99
Middle East and North Africa,Syria,Household,Offline,H,8/4/2016,553363597,8/30/2016,1440,668.27,502.54,962308.8,723657.6,238651.2
Australia and Oceania,Fiji,Beverages,Offline,M,5/15/2015,521084821,6/19/2015,9433,47.45,31.79,447595.85,299875.07,147720.78
Asia,Philippines,Personal Care,Online,C,7/28/2010,201362502,7/29/2010,6494,81.73,56.67,530754.62,368014.98,162739.64
Europe,Iceland,Cereal,Online,M,8/11/2013,477057969,8/14/2013,909,205.7,117.11,186981.3,106452.99,80528.31
Sub-Saharan Africa,Guinea-Bissau,Baby Food,Online,H,6/15/2010,501345050,6/23/2010,7996,255.28,159.42,2041218.88,1274722.32,766496.56
Middle East and North Africa,Lebanon,Office Supplies,Offline,C,11/6/2010,847710072,12/21/2010,5103,651.21,524.96,3323124.63,2678870.88,644253.75
Australia and Oceania,Federated States of Micronesia,Snacks,Offline,L,4/3/2014,359951865,5/3/2014,6611,152.58,97.44,1008706.38,644175.84,364530.54
Middle East and North Africa,Lebanon,Cosmetics,Online,M,8/14/2013,202181756,9/28/2013,8929,437.2,263.33,3903758.8,2351273.57,1552485.23
North America,Mexico,Snacks,Online,M,4/24/2014,708823573,5/4/2014,5502,152.58,97.44,839495.16,536114.88,303380.28
Europe,Monaco,Personal Care,Online,M,3/16/2015,934613645,3/22/2015,1801,81.73,56.67,147195.73,102062.67,45133.06
Sub-Saharan Africa,Equatorial Guinea,Personal Care,Online,L,6/8/2012,904600799,6/14/2012,333,81.73,56.67,27216.09,18871.11,8344.98
Middle East and North Africa,Kuwait,Meat,Online,L,10/14/2010,264146363,11/26/2010,5634,421.89,364.69,2376928.26,2054663.46,322264.8
Australia and Oceania,Nauru,Vegetables,Offline,C,4/26/2012,528924167,6/4/2012,9270,154.06,90.93,1428136.2,842921.1,585215.1
Asia,Japan,Personal Care,Online,M,7/31/2012,134920537,8/29/2012,4840,81.73,56.67,395573.2,274282.8,121290.4
Sub-Saharan Africa,South Africa,Cereal,Online,C,12/24/2011,288434302,2/1/2012,2975,205.7,117.11,611957.5,348402.25,263555.25
Sub-Saharan Africa,Ghana,Vegetables,Offline,C,12/24/2011,916076791,12/28/2011,6335,154.06,90.93,975970.1,576041.55,399928.55
Europe,Macedonia,Clothes,Online,C,5/1/2011,214771831,5/2/2011,4612,109.28,35.84,503999.36,165294.08,338705.28
Europe,Malta,Clothes,Online,H,5/31/2017,501755750,6/19/2017,9531,109.28,35.84,1041547.68,341591.04,699956.64
Sub-Saharan Africa,Ghana,Household,Offline,L,3/5/2012,564577376,4/9/2012,9847,668.27,502.54,6580454.69,4948511.38,1631943.31
Europe,Croatia,Clothes,Offline,L,6/27/2016,611098039,8/4/2016,6344,109.28,35.84,693272.32,227368.96,465903.36
Europe,Estonia,Fruits,Offline,H,8/22/2010,919491565,8/29/2010,6842,9.33,6.92,63835.86,47346.64,16489.22
Australia and Oceania,Tuvalu,Cosmetics,Offline,L,11/6/2013,488244283,12/12/2013,1188,437.2,263.33,519393.6,312836.04,206557.56
Sub-Saharan Africa,Mauritius ,Meat,Offline,C,4/25/2012,186155021,4/27/2012,6262,421.89,364.69,2641875.18,2283688.78,358186.4
Middle East and North Africa,Tunisia ,Cosmetics,Offline,M,1/12/2016,502335107,1/13/2016,976,437.2,263.33,426707.2,257010.08,169697.12
Asia,Thailand,Cosmetics,Online,C,2/10/2017,196208369,2/24/2017,1271,437.2,263.33,555681.2,334692.43,220988.77
Middle East and North Africa,Afghanistan,Cereal,Offline,C,4/26/2016,347511136,6/1/2016,5122,205.7,117.11,1053595.4,599837.42,453757.98
Europe,Monaco,Clothes,Offline,M,9/9/2011,306292235,9/9/2011,7534,109.28,35.84,823315.52,270018.56,553296.96
Australia and Oceania,Solomon Islands,Household,Online,L,6/19/2017,842912995,6/21/2017,5542,668.27,502.54,3703552.34,2785076.68,918475.66
Middle East and North Africa,Iraq,Personal Care,Online,H,11/20/2014,998047244,12/19/2014,3213,81.73,56.67,262598.49,182080.71,80517.78
Europe,Bosnia and Herzegovina,Clothes,Offline,H,7/17/2016,332681310,8/14/2016,6647,109.28,35.84,726384.16,238228.48,488155.68
Asia,India,Household,Online,M,2/26/2017,278114020,4/2/2017,8974,668.27,502.54,5997054.98,4509793.96,1487261.02
Sub-Saharan Africa,Zambia,Personal Care,Online,M,7/6/2012,985956704,8/25/2012,5354,81.73,56.67,437582.42,303411.18,134171.24
Sub-Saharan Africa,Zambia,Clothes,Offline,L,10/31/2010,878133189,11/10/2010,7980,109.28,35.84,872054.4,286003.2,586051.2
Sub-Saharan Africa,Seychelles ,Vegetables,Online,H,10/23/2013,696879804,11/11/2013,1075,154.06,90.93,165614.5,97749.75,67864.75
Australia and Oceania,Vanuatu,Meat,Online,H,11/11/2012,354745376,11/25/2012,5895,421.89,364.69,2487041.55,2149847.55,337194
Europe,Netherlands,Baby Food,Offline,M,8/11/2015,284591233,9/30/2015,5725,255.28,159.42,1461478,912679.5,548798.5
Sub-Saharan Africa,Democratic Republic of the Congo,Baby Food,Offline,C,10/21/2011,989591205,11/5/2011,883,255.28,159.42,225412.24,140767.86,84644.38
Middle East and North Africa,Pakistan,Cosmetics,Offline,H,12/26/2014,793231618,1/12/2015,3718,437.2,263.33,1625509.6,979060.94,646448.66
Sub-Saharan Africa,Gabon,Office Supplies,Offline,H,3/31/2013,789311301,5/17/2013,3609,651.21,524.96,2350216.89,1894580.64,455636.25
Australia and Oceania,Tuvalu,Fruits,Online,C,11/24/2010,791941583,12/4/2010,1968,9.33,6.92,18361.44,13618.56,4742.88
Asia,China,Office Supplies,Offline,L,2/5/2017,685546290,2/7/2017,7237,651.21,524.96,4712806.77,3799135.52,913671.25
Sub-Saharan Africa,Mali,Vegetables,Offline,H,10/13/2011,874861752,11/12/2011,9889,154.06,90.93,1523499.34,899206.77,624292.57
